Timestamp,Instrument,Bid Price,Bid Volume,Ask Price,Ask Volume
11:43:08,ESX-FUTURE,3358.5,2032,3358.75,1441
11:43:08,SP-FUTURE,2912.25,1439,2912.5,130
11:43:09,SP-FUTURE,2912.5,1191,2912.75,378
11:43:09,ESX-FUTURE,3358.75,1571,3359.0,1902
11:43:10,ESX-FUTURE,3358.75,2697,3359.0,776
11:43:10,SP-FUTURE,2912.25,1249,2912.5,320
11:43:11,SP-FUTURE,2912.25,407,2912.5,1162
11:43:11,ESX-FUTURE,3358.75,2573,3359.0,900
11:43:12,ESX-FUTURE,3358.75,2577,3359.0,896
11:43:13,SP-FUTURE,2912.0,738,2912.25,831
11:43:14,ESX-FUTURE,3358.75,763,3359.0,2710
11:43:14,SP-FUTURE,2911.75,871,2912.0,698
11:43:15,SP-FUTURE,2911.75,438,2912.0,1131
11:43:16,ESX-FUTURE,3358.5,881,3358.75,2592
11:43:16,ESX-FUTURE,3358.25,1279,3358.5,2194
11:43:16,SP-FUTURE,2911.5,1032,2911.75,537
11:43:16,ESX-FUTURE,3358.0,3249,3358.25,224
11:43:17,SP-FUTURE,2911.5,1033,2911.75,536
11:43:17,ESX-FUTURE,3358.0,129,3358.25,3344
11:43:17,SP-FUTURE,2911.5,1007,2911.75,562
11:43:18,ESX-FUTURE,3356.25,2146,3356.5,1327
11:43:19,SP-FUTURE,2912.25,1099,2912.5,470
11:43:19,ESX-FUTURE,3356.25,2050,3356.5,1423
11:43:20,SP-FUTURE,2912.25,213,2912.5,1356
11:43:20,ESX-FUTURE,3356.25,848,3356.5,2625
11:43:20,ESX-FUTURE,3356.25,848,3356.5,2625
11:43:21,SP-FUTURE,2912.0,650,2912.25,919
11:43:21,SP-FUTURE,2911.75,301,2912.0,1268
11:43:22,ESX-FUTURE,3356.0,2764,3356.25,709
11:43:22,SP-FUTURE,2911.5,122,2911.75,1447
11:43:22,SP-FUTURE,2911.5,123,2911.75,1446
11:43:23,ESX-FUTURE,3356.0,2564,3356.25,909
11:43:23,SP-FUTURE,2911.5,1529,2911.75,40
11:43:24,ESX-FUTURE,3356.0,2568,3356.25,905
11:43:24,SP-FUTURE,2911.75,1304,2912.0,265
11:43:25,ESX-FUTURE,3356.0,2755,3356.25,718
11:43:25,SP-FUTURE,2911.75,769,2912.0,800
11:43:26,ESX-FUTURE,3356.0,3169,3356.25,304
11:43:26,SP-FUTURE,2911.75,1158,2912.0,411
11:43:27,ESX-FUTURE,3356.25,2826,3356.5,647
11:43:27,SP-FUTURE,2910.75,1021,2911.0,548
11:43:28,ESX-FUTURE,3355.25,2367,3355.5,1106
11:43:28,SP-FUTURE,2910.5,639,2910.75,930
11:43:29,ESX-FUTURE,3355.25,3466,3355.5,7
11:43:30,SP-FUTURE,2910.5,535,2910.75,1034
11:43:30,SP-FUTURE,2910.5,522,2910.75,1047
11:43:31,ESX-FUTURE,3355.75,387,3356.0,3086
11:43:32,SP-FUTURE,2910.5,1043,2910.75,526
11:43:32,ESX-FUTURE,3355.0,576,3355.25,2897
11:43:33,SP-FUTURE,2910.5,683,2910.75,886
11:43:33,ESX-FUTURE,3354.25,1456,3354.5,2017
11:43:33,SP-FUTURE,2910.25,1408,2910.5,161
11:43:34,SP-FUTURE,2910.25,1536,2910.5,33
11:43:34,ESX-FUTURE,3354.25,1505,3354.5,1968
11:43:35,SP-FUTURE,2910.5,1206,2910.75,363
11:43:36,ESX-FUTURE,3354.25,914,3354.5,2559
11:43:36,ESX-FUTURE,3354.25,138,3354.5,3335
11:43:37,SP-FUTURE,2910.5,1263,2910.75,306
11:43:37,ESX-FUTURE,3353.75,2980,3354.0,493
11:43:38,SP-FUTURE,2910.5,1552,2910.75,17
11:43:38,ESX-FUTURE,3353.75,2986,3354.0,487
11:43:39,SP-FUTURE,2910.75,455,2911.0,1114
11:43:39,ESX-FUTURE,3354.25,57,3354.5,3416
11:43:40,SP-FUTURE,2910.75,501,2911.0,1068
11:43:40,ESX-FUTURE,3354.0,609,3354.25,2864
11:43:41,SP-FUTURE,2910.5,1181,2910.75,388
11:43:41,ESX-FUTURE,3354.25,1996,3354.5,1477
11:43:42,SP-FUTURE,2911.25,605,2911.5,964
11:43:43,ESX-FUTURE,3354.0,3434,3354.25,39
11:43:43,ESX-FUTURE,3354.0,1790,3354.25,1683
11:43:44,SP-FUTURE,2911.25,1098,2911.5,471
11:43:45,SP-FUTURE,2911.5,287,2911.75,1282
11:43:46,ESX-FUTURE,3354.0,3078,3354.25,395
11:43:46,SP-FUTURE,2911.25,190,2911.5,1379
11:43:47,ESX-FUTURE,3354.0,2502,3354.25,971
11:43:48,SP-FUTURE,2911.5,213,2911.75,1356
11:43:48,ESX-FUTURE,3354.0,3054,3354.25,419
11:43:49,SP-FUTURE,2911.5,501,2911.75,1068
11:43:49,SP-FUTURE,2911.25,464,2911.5,1105
11:43:50,ESX-FUTURE,3354.25,1519,3354.5,1954
11:43:51,ESX-FUTURE,3354.25,1009,3354.5,2464
11:43:51,SP-FUTURE,2911.25,463,2911.5,1106
11:43:52,SP-FUTURE,2911.25,1186,2911.5,383
11:43:52,ESX-FUTURE,3354.25,963,3354.5,2510
11:43:53,ESX-FUTURE,3352.25,268,3352.5,3205
11:43:53,SP-FUTURE,2911.25,1185,2911.5,384
11:43:54,ESX-FUTURE,3352.25,2477,3352.5,996
11:43:54,ESX-FUTURE,3352.25,2480,3352.5,993
11:43:54,SP-FUTURE,2911.25,678,2911.5,891
11:43:55,ESX-FUTURE,3352.25,2181,3352.5,1292
11:43:56,ESX-FUTURE,3353.0,1166,3353.25,2307
11:43:56,ESX-FUTURE,3353.5,273,3353.75,3200
11:43:56,SP-FUTURE,2911.25,685,2911.5,884
11:43:57,SP-FUTURE,2911.25,518,2911.5,1051
11:43:58,ESX-FUTURE,3353.0,1733,3353.25,1740
11:43:58,SP-FUTURE,2911.5,117,2911.75,1452
11:43:59,SP-FUTURE,2910.75,520,2911.0,1049
11:43:59,SP-FUTURE,2911.25,677,2911.5,892
11:43:59,SP-FUTURE,2911.25,527,2911.5,1042
11:43:59,SP-FUTURE,2911.25,185,2911.5,1384
11:43:59,ESX-FUTURE,3353.0,2242,3353.25,1231
11:44:00,ESX-FUTURE,3353.75,1386,3354.0,2087
11:44:00,SP-FUTURE,2911.5,139,2911.75,1430
11:44:00,ESX-FUTURE,3353.75,1385,3354.0,2088
11:44:01,SP-FUTURE,2911.0,1033,2911.25,536
11:44:02,ESX-FUTURE,3353.75,1740,3354.0,1733
11:44:02,SP-FUTURE,2912.25,1195,2912.5,374
11:44:02,ESX-FUTURE,3353.75,2082,3354.0,1391
11:44:03,ESX-FUTURE,3353.75,2821,3354.0,652
11:44:03,SP-FUTURE,2912.25,1481,2912.5,88
11:44:04,ESX-FUTURE,3353.75,2404,3354.0,1069
11:44:04,SP-FUTURE,2912.25,1323,2912.5,246
11:44:05,SP-FUTURE,2912.25,881,2912.5,688
11:44:06,SP-FUTURE,2912.25,716,2912.5,853
11:44:06,ESX-FUTURE,3353.75,3221,3354.0,252
11:44:06,ESX-FUTURE,3354.0,853,3354.25,2620
11:44:07,SP-FUTURE,2911.75,1038,2912.0,531
11:44:09,SP-FUTURE,2912.0,158,2912.25,1411
11:44:09,ESX-FUTURE,3354.0,351,3354.25,3122
11:44:09,SP-FUTURE,2912.25,77,2912.5,1492
11:44:10,ESX-FUTURE,3354.0,534,3354.25,2939
11:44:10,SP-FUTURE,2912.5,28,2912.75,1541
11:44:11,SP-FUTURE,2912.25,553,2912.5,1016
11:44:11,ESX-FUTURE,3353.75,1655,3354.0,1818
11:44:12,SP-FUTURE,2912.25,771,2912.5,798
11:44:13,ESX-FUTURE,3353.5,1127,3353.75,2346
11:44:13,SP-FUTURE,2912.25,1122,2912.5,447
11:44:14,ESX-FUTURE,3353.25,2604,3353.5,869
11:44:14,ESX-FUTURE,3353.25,2605,3353.5,868
11:44:15,SP-FUTURE,2912.25,1226,2912.5,343
11:44:15,SP-FUTURE,2912.25,1219,2912.5,350
11:44:16,ESX-FUTURE,3353.25,1242,3353.5,2231
11:44:16,SP-FUTURE,2912.0,967,2912.25,602
11:44:17,ESX-FUTURE,3353.5,1424,3353.75,2049
11:44:17,ESX-FUTURE,3353.5,1536,3353.75,1937
11:44:18,SP-FUTURE,2912.0,1279,2912.25,290
11:44:19,ESX-FUTURE,3353.5,2009,3353.75,1464
11:44:19,SP-FUTURE,2911.75,1006,2912.0,563
11:44:20,SP-FUTURE,2911.75,1015,2912.0,554
11:44:21,ESX-FUTURE,3353.25,997,3353.5,2476
11:44:22,SP-FUTURE,2912.25,1454,2912.5,115
11:44:22,ESX-FUTURE,3353.25,1335,3353.5,2138
11:44:22,ESX-FUTURE,3353.25,1595,3353.5,1878
11:44:22,ESX-FUTURE,3353.25,1572,3353.5,1901
11:44:22,SP-FUTURE,2912.25,1320,2912.5,249
11:44:23,SP-FUTURE,2912.5,476,2912.75,1093
11:44:23,SP-FUTURE,2912.25,135,2912.5,1434
11:44:23,ESX-FUTURE,3353.25,3383,3353.5,90
11:44:25,ESX-FUTURE,3353.5,75,3353.75,3398
11:44:25,SP-FUTURE,2912.25,224,2912.5,1345
11:44:26,ESX-FUTURE,3353.5,4,3353.75,3469
11:44:27,SP-FUTURE,2912.25,224,2912.5,1345
11:44:27,ESX-FUTURE,3353.25,3118,3353.5,355
11:44:27,SP-FUTURE,2912.25,424,2912.5,1145
11:44:29,ESX-FUTURE,3353.5,374,3353.75,3099
11:44:29,SP-FUTURE,2912.25,420,2912.5,1149
11:44:30,ESX-FUTURE,3353.25,2254,3353.5,1219
11:44:31,SP-FUTURE,2910.75,705,2911.0,864
11:44:31,ESX-FUTURE,3353.25,123,3353.5,3350
11:44:32,ESX-FUTURE,3353.5,1832,3353.75,1641
11:44:32,SP-FUTURE,2911.25,587,2911.5,982
11:44:33,SP-FUTURE,2911.5,249,2911.75,1320
11:44:34,ESX-FUTURE,3353.5,2530,3353.75,943
11:44:34,SP-FUTURE,2912.0,360,2912.25,1209
11:44:35,ESX-FUTURE,3354.25,369,3354.5,3104
11:44:35,SP-FUTURE,2912.0,957,2912.25,612
11:44:36,SP-FUTURE,2912.0,896,2912.25,673
11:44:36,ESX-FUTURE,3353.75,2948,3354.0,525
11:44:37,ESX-FUTURE,3354.0,1591,3354.25,1882
11:44:38,SP-FUTURE,2912.0,1513,2912.25,56
11:44:38,ESX-FUTURE,3354.0,1639,3354.25,1834
11:44:38,SP-FUTURE,2912.0,1513,2912.25,56
11:44:38,SP-FUTURE,2912.0,769,2912.25,800
11:44:39,SP-FUTURE,2911.75,1245,2912.0,324
11:44:39,SP-FUTURE,2913.5,1467,2913.75,102
11:44:40,ESX-FUTURE,3354.0,1647,3354.25,1826
11:44:40,SP-FUTURE,2914.75,603,2915.0,966
11:44:40,ESX-FUTURE,3354.25,1198,3354.5,2275
11:44:41,SP-FUTURE,2915.5,448,2915.75,1121
11:44:41,ESX-FUTURE,3354.25,1626,3354.5,1847
11:44:42,SP-FUTURE,2915.5,417,2915.75,1152
11:44:42,ESX-FUTURE,3354.5,2144,3354.75,1329
11:44:43,SP-FUTURE,2915.25,706,2915.5,863
11:44:44,ESX-FUTURE,3354.75,1576,3355.0,1897
11:44:44,SP-FUTURE,2915.25,702,2915.5,867
11:44:44,ESX-FUTURE,3354.75,1681,3355.0,1792
11:44:45,SP-FUTURE,2915.25,183,2915.5,1386
11:44:45,ESX-FUTURE,3354.75,836,3355.0,2637
11:44:45,ESX-FUTURE,3354.5,2668,3354.75,805
11:44:47,SP-FUTURE,2915.25,339,2915.5,1230
11:44:47,ESX-FUTURE,3354.5,3264,3354.75,209
11:44:48,ESX-FUTURE,3355.25,2422,3355.5,1051
11:44:49,SP-FUTURE,2915.25,1035,2915.5,534
11:44:49,ESX-FUTURE,3355.25,2657,3355.5,816
11:44:49,SP-FUTURE,2915.25,1069,2915.5,500
11:44:50,ESX-FUTURE,3355.25,1587,3355.5,1886
11:44:51,SP-FUTURE,2915.25,1176,2915.5,393
11:44:51,SP-FUTURE,2915.5,527,2915.75,1042
11:44:51,ESX-FUTURE,3355.5,1355,3355.75,2118
11:44:51,SP-FUTURE,2915.25,1522,2915.5,47
11:44:52,SP-FUTURE,2915.75,45,2916.0,1524
11:44:52,ESX-FUTURE,3355.5,1269,3355.75,2204
11:44:53,ESX-FUTURE,3355.5,1383,3355.75,2090
11:44:54,SP-FUTURE,2915.5,1045,2915.75,524
11:44:54,SP-FUTURE,2915.0,1393,2915.25,176
11:44:54,ESX-FUTURE,3354.75,2483,3355.0,990
11:44:55,ESX-FUTURE,3354.75,2462,3355.0,1011
11:44:56,SP-FUTURE,2915.0,1402,2915.25,167
11:44:56,ESX-FUTURE,3353.75,1845,3354.0,1628
11:44:58,SP-FUTURE,2915.0,1205,2915.25,364
11:44:59,ESX-FUTURE,3353.75,1844,3354.0,1629
11:44:59,ESX-FUTURE,3353.75,1804,3354.0,1669
11:44:59,SP-FUTURE,2915.0,121,2915.25,1448
11:44:59,ESX-FUTURE,3353.75,1781,3354.0,1692
11:45:00,SP-FUTURE,2914.25,325,2914.5,1244
11:45:00,SP-FUTURE,2914.25,570,2914.5,999
11:45:01,ESX-FUTURE,3354.0,3211,3354.25,262
11:45:02,SP-FUTURE,2914.25,574,2914.5,995
11:45:03,ESX-FUTURE,3354.25,1842,3354.5,1631
11:45:03,ESX-FUTURE,3354.0,2594,3354.25,879
11:45:03,SP-FUTURE,2914.75,1152,2915.0,417
11:45:04,SP-FUTURE,2914.75,811,2915.0,758
11:45:05,SP-FUTURE,2915.25,1389,2915.5,180
11:45:05,ESX-FUTURE,3353.75,2762,3354.0,711
11:45:05,SP-FUTURE,2914.25,1021,2914.5,548
11:45:05,ESX-FUTURE,3354.25,775,3354.5,2698
11:45:06,ESX-FUTURE,3354.25,1929,3354.5,1544
11:45:06,ESX-FUTURE,3354.25,1609,3354.5,1864
11:45:07,SP-FUTURE,2915.5,1445,2915.75,124
11:45:07,SP-FUTURE,2915.5,592,2915.75,977
11:45:07,ESX-FUTURE,3354.5,1524,3354.75,1949
11:45:08,SP-FUTURE,2915.75,1560,2916.0,9
11:45:09,SP-FUTURE,2915.75,1488,2916.0,81
11:45:09,SP-FUTURE,2915.75,746,2916.0,823
11:45:09,ESX-FUTURE,3354.5,1532,3354.75,1941
11:45:09,SP-FUTURE,2916.0,161,2916.25,1408
11:45:10,SP-FUTURE,2916.0,1259,2916.25,310
11:45:11,SP-FUTURE,2916.25,492,2916.5,1077
11:45:11,ESX-FUTURE,3356.25,1877,3356.5,1596
11:45:12,SP-FUTURE,2915.75,511,2916.0,1058
11:45:12,ESX-FUTURE,3356.0,737,3356.25,2736
11:45:12,ESX-FUTURE,3356.0,981,3356.25,2492
11:45:12,SP-FUTURE,2915.75,481,2916.0,1088
11:45:13,ESX-FUTURE,3355.75,2763,3356.0,710
11:45:13,SP-FUTURE,2916.0,462,2916.25,1107
11:45:14,SP-FUTURE,2916.0,512,2916.25,1057
11:45:15,ESX-FUTURE,3355.5,2827,3355.75,646
11:45:15,SP-FUTURE,2916.0,640,2916.25,929
11:45:15,ESX-FUTURE,3355.5,2539,3355.75,934
11:45:15,SP-FUTURE,2915.5,500,2915.75,1069
11:45:16,SP-FUTURE,2915.5,959,2915.75,610
11:45:16,ESX-FUTURE,3354.5,3003,3354.75,470
11:45:16,ESX-FUTURE,3353.0,3120,3353.25,353
11:45:17,SP-FUTURE,2915.25,597,2915.5,972
11:45:17,ESX-FUTURE,3353.0,1862,3353.25,1611
11:45:18,ESX-FUTURE,3352.75,2336,3353.0,1137
11:45:19,SP-FUTURE,2915.25,486,2915.5,1083
11:45:20,SP-FUTURE,2915.25,642,2915.5,927
11:45:20,ESX-FUTURE,3353.0,768,3353.25,2705
11:45:21,SP-FUTURE,2915.25,625,2915.5,944
11:45:22,ESX-FUTURE,3352.75,2965,3353.0,508
11:45:23,SP-FUTURE,2915.25,636,2915.5,933
11:45:23,SP-FUTURE,2915.25,1210,2915.5,359
11:45:23,SP-FUTURE,2915.0,188,2915.25,1381
11:45:23,ESX-FUTURE,3353.25,790,3353.5,2683
11:45:24,SP-FUTURE,2915.0,1273,2915.25,296
11:45:24,ESX-FUTURE,3353.25,1742,3353.5,1731
11:45:25,ESX-FUTURE,3353.25,909,3353.5,2564
11:45:25,SP-FUTURE,2915.25,6,2915.5,1563
11:45:25,SP-FUTURE,2915.25,535,2915.5,1034
11:45:26,ESX-FUTURE,3353.25,2197,3353.5,1276
11:45:26,SP-FUTURE,2915.75,1335,2916.0,234
11:45:27,SP-FUTURE,2915.75,684,2916.0,885
11:45:27,ESX-FUTURE,3353.0,2240,3353.25,1233
11:45:28,SP-FUTURE,2915.75,1352,2916.0,217
11:45:28,ESX-FUTURE,3353.0,2033,3353.25,1440
11:45:30,ESX-FUTURE,3353.0,950,3353.25,2523
11:45:30,SP-FUTURE,2915.75,983,2916.0,586
11:45:30,SP-FUTURE,2915.75,920,2916.0,649
11:45:31,SP-FUTURE,2915.75,1312,2916.0,257
11:45:31,ESX-FUTURE,3353.0,1164,3353.25,2309
11:45:32,ESX-FUTURE,3353.0,995,3353.25,2478
11:45:33,SP-FUTURE,2916.25,619,2916.5,950
11:45:33,ESX-FUTURE,3353.0,2347,3353.25,1126
11:45:34,ESX-FUTURE,3353.0,2110,3353.25,1363
11:45:34,ESX-FUTURE,3353.25,3387,3353.5,86
11:45:35,SP-FUTURE,2916.25,632,2916.5,937
11:45:35,ESX-FUTURE,3353.75,1404,3354.0,2069
11:45:36,ESX-FUTURE,3354.0,2837,3354.25,636
11:45:36,SP-FUTURE,2915.75,1354,2916.0,215
11:45:37,SP-FUTURE,2916.0,363,2916.25,1206
11:45:37,ESX-FUTURE,3354.0,1836,3354.25,1637
11:45:37,ESX-FUTURE,3354.0,1764,3354.25,1709
11:45:38,SP-FUTURE,2916.0,276,2916.25,1293
11:45:38,SP-FUTURE,2916.25,1181,2916.5,388
11:45:39,ESX-FUTURE,3354.0,722,3354.25,2751
11:45:39,SP-FUTURE,2916.25,934,2916.5,635
11:45:40,ESX-FUTURE,3354.0,1869,3354.25,1604
11:45:40,SP-FUTURE,2916.25,386,2916.5,1183
11:45:41,ESX-FUTURE,3354.0,751,3354.25,2722
11:45:41,SP-FUTURE,2915.75,1472,2916.0,97
11:45:41,ESX-FUTURE,3354.0,740,3354.25,2733
11:45:42,SP-FUTURE,2915.5,786,2915.75,783
11:45:42,ESX-FUTURE,3353.75,2270,3354.0,1203
11:45:43,SP-FUTURE,2913.0,1049,2913.25,520
11:45:44,ESX-FUTURE,3353.75,2835,3354.0,638
11:45:44,SP-FUTURE,2912.75,993,2913.0,576
11:45:44,ESX-FUTURE,3353.25,637,3353.5,2836
11:45:46,ESX-FUTURE,3353.25,607,3353.5,2866
11:45:46,SP-FUTURE,2912.75,1200,2913.0,369
11:45:47,SP-FUTURE,2913.25,733,2913.5,836
11:45:47,ESX-FUTURE,3353.0,2633,3353.25,840
11:45:48,SP-FUTURE,2913.25,1029,2913.5,540
11:45:48,ESX-FUTURE,3353.75,48,3354.0,3425
11:45:48,SP-FUTURE,2913.25,1013,2913.5,556
11:45:49,SP-FUTURE,2913.25,981,2913.5,588
11:45:50,ESX-FUTURE,3353.25,3363,3353.5,110
11:45:50,ESX-FUTURE,3353.25,2802,3353.5,671
11:45:50,ESX-FUTURE,3353.0,3233,3353.25,240
11:45:50,SP-FUTURE,2913.25,1044,2913.5,525
11:45:51,SP-FUTURE,2913.25,1047,2913.5,522
11:45:52,ESX-FUTURE,3352.75,360,3353.0,3113
11:45:52,SP-FUTURE,2913.25,471,2913.5,1098
11:45:53,ESX-FUTURE,3352.5,3457,3352.75,16
11:45:54,ESX-FUTURE,3352.0,3278,3352.25,195
11:45:54,SP-FUTURE,2913.25,594,2913.5,975
11:45:55,ESX-FUTURE,3352.25,781,3352.5,2692
11:45:55,SP-FUTURE,2913.25,491,2913.5,1078
11:45:55,ESX-FUTURE,3352.25,1153,3352.5,2320
11:45:55,ESX-FUTURE,3352.0,717,3352.25,2756
11:45:56,SP-FUTURE,2916.5,724,2916.75,845
11:45:57,ESX-FUTURE,3351.75,2284,3352.0,1189
11:45:57,SP-FUTURE,2916.75,167,2917.0,1402
11:45:57,SP-FUTURE,2916.5,843,2916.75,726
11:45:58,ESX-FUTURE,3351.5,2972,3351.75,501
11:45:58,SP-FUTURE,2915.5,827,2915.75,742
11:45:59,ESX-FUTURE,3351.5,1265,3351.75,2208
11:45:59,SP-FUTURE,2915.0,539,2915.25,1030
11:46:00,ESX-FUTURE,3352.25,1197,3352.5,2276
11:46:00,SP-FUTURE,2916.0,587,2916.25,982
11:46:01,ESX-FUTURE,3353.25,1334,3353.5,2139
11:46:01,SP-FUTURE,2915.75,1425,2916.0,144
11:46:01,ESX-FUTURE,3353.0,2506,3353.25,967
11:46:01,SP-FUTURE,2915.5,1330,2915.75,239
11:46:01,ESX-FUTURE,3352.25,1995,3352.5,1478
11:46:02,SP-FUTURE,2915.5,84,2915.75,1485
11:46:03,ESX-FUTURE,3352.5,1286,3352.75,2187
11:46:03,SP-FUTURE,2914.75,689,2915.0,880
11:46:04,ESX-FUTURE,3352.5,1227,3352.75,2246
11:46:04,SP-FUTURE,2914.25,474,2914.5,1095
11:46:05,SP-FUTURE,2913.75,1238,2914.0,331
11:46:05,ESX-FUTURE,3352.5,959,3352.75,2514
11:46:06,ESX-FUTURE,3352.5,49,3352.75,3424
11:46:07,ESX-FUTURE,3352.5,381,3352.75,3092
11:46:07,SP-FUTURE,2914.0,205,2914.25,1364
11:46:08,ESX-FUTURE,3352.25,3215,3352.5,258
11:46:08,ESX-FUTURE,3352.25,3227,3352.5,246
11:46:08,SP-FUTURE,2914.0,246,2914.25,1323
11:46:09,ESX-FUTURE,3352.25,2791,3352.5,682
11:46:09,SP-FUTURE,2913.5,1266,2913.75,303
11:46:10,SP-FUTURE,2913.5,1349,2913.75,220
11:46:10,ESX-FUTURE,3352.0,769,3352.25,2704
11:46:11,SP-FUTURE,2913.25,1129,2913.5,440
11:46:11,SP-FUTURE,2913.0,811,2913.25,758
11:46:12,ESX-FUTURE,3351.75,1230,3352.0,2243
11:46:12,SP-FUTURE,2913.0,301,2913.25,1268
11:46:13,SP-FUTURE,2913.0,303,2913.25,1266
11:46:13,ESX-FUTURE,3351.5,2445,3351.75,1028
11:46:13,ESX-FUTURE,3351.5,2433,3351.75,1040
11:46:14,ESX-FUTURE,3351.5,2276,3351.75,1197
11:46:15,SP-FUTURE,2912.5,81,2912.75,1488
11:46:16,ESX-FUTURE,3351.5,2370,3351.75,1103
11:46:16,ESX-FUTURE,3351.5,2310,3351.75,1163
11:46:16,SP-FUTURE,2912.5,192,2912.75,1377
11:46:17,ESX-FUTURE,3351.5,2072,3351.75,1401
11:46:18,SP-FUTURE,2912.5,413,2912.75,1156
11:46:19,ESX-FUTURE,3351.25,1482,3351.5,1991
11:46:19,SP-FUTURE,2912.5,839,2912.75,730
11:46:19,ESX-FUTURE,3351.5,3148,3351.75,325
11:46:20,ESX-FUTURE,3351.5,3190,3351.75,283
11:46:20,SP-FUTURE,2912.5,863,2912.75,706
11:46:21,SP-FUTURE,2912.5,1292,2912.75,277
11:46:21,ESX-FUTURE,3351.5,3264,3351.75,209
11:46:23,SP-FUTURE,2912.5,1294,2912.75,275
11:46:23,ESX-FUTURE,3351.75,2203,3352.0,1270
11:46:24,SP-FUTURE,2912.5,765,2912.75,804
11:46:25,ESX-FUTURE,3351.75,3356,3352.0,117
11:46:25,SP-FUTURE,2912.5,818,2912.75,751
11:46:26,ESX-FUTURE,3350.75,924,3351.0,2549
11:46:26,SP-FUTURE,2912.5,809,2912.75,760
11:46:27,SP-FUTURE,2912.0,646,2912.25,923
11:46:27,SP-FUTURE,2912.25,474,2912.5,1095
11:46:27,SP-FUTURE,2912.0,1095,2912.25,474
11:46:28,ESX-FUTURE,3350.5,2466,3350.75,1007
11:46:28,ESX-FUTURE,3350.75,1745,3351.0,1728
11:46:29,SP-FUTURE,2912.0,476,2912.25,1093
11:46:30,SP-FUTURE,2912.0,630,2912.25,939
11:46:30,ESX-FUTURE,3351.0,418,3351.25,3055
11:46:30,ESX-FUTURE,3350.75,3077,3351.0,396
11:46:30,SP-FUTURE,2911.75,1080,2912.0,489
11:46:31,ESX-FUTURE,3351.0,127,3351.25,3346
11:46:32,ESX-FUTURE,3351.0,2012,3351.25,1461
11:46:32,SP-FUTURE,2912.0,887,2912.25,682
11:46:32,SP-FUTURE,2912.5,64,2912.75,1505
11:46:33,ESX-FUTURE,3351.0,1961,3351.25,1512
11:46:34,SP-FUTURE,2913.75,606,2914.0,963
11:46:34,ESX-FUTURE,3351.25,873,3351.5,2600
11:46:35,SP-FUTURE,2913.75,353,2914.0,1216
11:46:35,ESX-FUTURE,3351.5,2667,3351.75,806
11:46:36,ESX-FUTURE,3352.0,2923,3352.25,550
11:46:36,SP-FUTURE,2913.75,611,2914.0,958
11:46:37,ESX-FUTURE,3352.0,1871,3352.25,1602
11:46:38,SP-FUTURE,2912.5,450,2912.75,1119
11:46:38,SP-FUTURE,2912.5,483,2912.75,1086
11:46:39,ESX-FUTURE,3352.0,2720,3352.25,753
11:46:40,ESX-FUTURE,3352.0,2689,3352.25,784
11:46:40,SP-FUTURE,2912.75,589,2913.0,980
11:46:41,ESX-FUTURE,3352.0,2624,3352.25,849
11:46:41,SP-FUTURE,2913.25,777,2913.5,792
11:46:42,ESX-FUTURE,3352.0,1695,3352.25,1778
11:46:42,SP-FUTURE,2913.25,730,2913.5,839
11:46:42,SP-FUTURE,2913.75,845,2914.0,724
11:46:43,ESX-FUTURE,3350.75,1921,3351.0,1552
11:46:43,SP-FUTURE,2913.75,753,2914.0,816
11:46:44,ESX-FUTURE,3351.0,272,3351.25,3201
11:46:44,ESX-FUTURE,3350.75,3455,3351.0,18
11:46:44,SP-FUTURE,2913.75,757,2914.0,812
11:46:44,ESX-FUTURE,3350.75,3081,3351.0,392
11:46:45,ESX-FUTURE,3351.0,1880,3351.25,1593
11:46:45,SP-FUTURE,2914.75,1547,2915.0,22
11:46:45,ESX-FUTURE,3351.0,1884,3351.25,1589
11:46:46,ESX-FUTURE,3351.0,1814,3351.25,1659
11:46:47,SP-FUTURE,2914.5,531,2914.75,1038
11:46:47,SP-FUTURE,2914.25,939,2914.5,630
11:46:47,SP-FUTURE,2914.75,356,2915.0,1213
11:46:47,SP-FUTURE,2915.5,301,2915.75,1268
11:46:47,SP-FUTURE,2914.25,213,2914.5,1356
11:46:47,ESX-FUTURE,3351.25,1647,3351.5,1826
11:46:48,SP-FUTURE,2914.5,663,2914.75,906
11:46:48,ESX-FUTURE,3351.25,3076,3351.5,397
11:46:49,SP-FUTURE,2914.5,1290,2914.75,279
11:46:49,ESX-FUTURE,3351.25,1002,3351.5,2471
11:46:49,ESX-FUTURE,3351.25,1686,3351.5,1787
11:46:50,SP-FUTURE,2914.5,658,2914.75,911
11:46:51,ESX-FUTURE,3351.25,2132,3351.5,1341
11:46:52,ESX-FUTURE,3351.25,1664,3351.5,1809
11:46:52,SP-FUTURE,2914.5,444,2914.75,1125
11:46:53,ESX-FUTURE,3351.25,1965,3351.5,1508
11:46:53,SP-FUTURE,2915.0,501,2915.25,1068
11:46:54,SP-FUTURE,2914.5,1397,2914.75,172
11:46:54,ESX-FUTURE,3350.5,170,3350.75,3303
11:46:55,ESX-FUTURE,3350.5,148,3350.75,3325
11:46:55,ESX-FUTURE,3350.5,922,3350.75,2551
11:46:56,SP-FUTURE,2914.25,994,2914.5,575
11:46:56,ESX-FUTURE,3350.5,1148,3350.75,2325
11:46:56,SP-FUTURE,2914.25,736,2914.5,833
11:46:57,SP-FUTURE,2913.75,1315,2914.0,254
11:46:58,ESX-FUTURE,3350.75,490,3351.0,2983
11:46:59,ESX-FUTURE,3350.0,996,3350.25,2477
11:46:59,SP-FUTURE,2914.0,1391,2914.25,178
11:46:59,ESX-FUTURE,3350.0,112,3350.25,3361
11:46:59,SP-FUTURE,2914.25,160,2914.5,1409
11:47:00,ESX-FUTURE,3349.75,2714,3350.0,759
11:47:01,SP-FUTURE,2914.25,501,2914.5,1068
11:47:02,ESX-FUTURE,3350.25,1756,3350.5,1717
11:47:02,SP-FUTURE,2914.75,886,2915.0,683
11:47:03,ESX-FUTURE,3350.25,833,3350.5,2640
11:47:04,SP-FUTURE,2914.75,453,2915.0,1116
11:47:04,ESX-FUTURE,3350.25,781,3350.5,2692
11:47:04,SP-FUTURE,2914.5,1471,2914.75,98
11:47:05,ESX-FUTURE,3350.0,3303,3350.25,170
11:47:05,SP-FUTURE,2914.5,1502,2914.75,67
11:47:07,ESX-FUTURE,3350.0,3369,3350.25,104
11:47:07,SP-FUTURE,2914.5,1524,2914.75,45
11:47:08,ESX-FUTURE,3350.0,3276,3350.25,197
11:47:08,SP-FUTURE,2914.5,1422,2914.75,147
11:47:09,ESX-FUTURE,3350.25,1037,3350.5,2436
11:47:10,SP-FUTURE,2914.75,1142,2915.0,427
11:47:10,ESX-FUTURE,3350.25,1160,3350.5,2313
11:47:11,SP-FUTURE,2915.0,1093,2915.25,476
11:47:11,SP-FUTURE,2915.5,920,2915.75,649
11:47:11,ESX-FUTURE,3350.5,990,3350.75,2483
11:47:12,ESX-FUTURE,3350.5,1066,3350.75,2407
11:47:13,SP-FUTURE,2915.25,112,2915.5,1457
11:47:13,ESX-FUTURE,3350.5,891,3350.75,2582
11:47:14,SP-FUTURE,2915.25,1292,2915.5,277
11:47:14,ESX-FUTURE,3350.25,1276,3350.5,2197
11:47:15,SP-FUTURE,2916.0,228,2916.25,1341
11:47:15,ESX-FUTURE,3350.25,949,3350.5,2524
11:47:16,ESX-FUTURE,3350.0,2531,3350.25,942
11:47:16,SP-FUTURE,2916.0,152,2916.25,1417
11:47:17,SP-FUTURE,2915.75,1499,2916.0,70
11:47:18,ESX-FUTURE,3348.5,1664,3348.75,1809
11:47:18,ESX-FUTURE,3348.5,1794,3348.75,1679
11:47:18,SP-FUTURE,2916.25,1040,2916.5,529
11:47:19,SP-FUTURE,2916.25,1225,2916.5,344
11:47:19,ESX-FUTURE,3348.5,1121,3348.75,2352
11:47:20,SP-FUTURE,2916.5,1453,2916.75,116
11:47:21,ESX-FUTURE,3348.5,1131,3348.75,2342
11:47:21,SP-FUTURE,2916.25,749,2916.5,820
11:47:21,ESX-FUTURE,3348.75,1465,3349.0,2008
11:47:21,SP-FUTURE,2915.5,919,2915.75,650
11:47:23,ESX-FUTURE,3348.75,1426,3349.0,2047
11:47:23,ESX-FUTURE,3349.0,1444,3349.25,2029
11:47:23,SP-FUTURE,2916.0,379,2916.25,1190
11:47:24,SP-FUTURE,2916.0,287,2916.25,1282
11:47:24,SP-FUTURE,2916.0,311,2916.25,1258
11:47:24,ESX-FUTURE,3349.0,1979,3349.25,1494
11:47:25,ESX-FUTURE,3349.0,2157,3349.25,1316
11:47:26,ESX-FUTURE,3349.0,308,3349.25,3165
11:47:26,SP-FUTURE,2916.0,148,2916.25,1421
11:47:26,SP-FUTURE,2916.0,21,2916.25,1548
11:47:27,SP-FUTURE,2916.0,266,2916.25,1303
11:47:27,SP-FUTURE,2915.75,1382,2916.0,187
11:47:27,ESX-FUTURE,3346.25,2780,3346.5,693
11:47:28,SP-FUTURE,2916.0,620,2916.25,949
11:47:28,ESX-FUTURE,3346.5,234,3346.75,3239
11:47:29,SP-FUTURE,2916.0,600,2916.25,969
11:47:30,ESX-FUTURE,3346.5,2138,3346.75,1335
11:47:30,SP-FUTURE,2916.0,278,2916.25,1291
11:47:31,SP-FUTURE,2914.75,463,2915.0,1106
11:47:31,SP-FUTURE,2914.75,1015,2915.0,554
11:47:32,ESX-FUTURE,3346.25,481,3346.5,2992
11:47:32,ESX-FUTURE,3346.25,333,3346.5,3140
11:47:33,SP-FUTURE,2914.75,910,2915.0,659
11:47:33,ESX-FUTURE,3346.0,1983,3346.25,1490
11:47:33,SP-FUTURE,2916.0,1270,2916.25,299
11:47:34,ESX-FUTURE,3345.75,1644,3346.0,1829
11:47:34,SP-FUTURE,2917.75,1446,2918.0,123
11:47:34,SP-FUTURE,2918.0,25,2918.25,1544
11:47:35,ESX-FUTURE,3346.0,785,3346.25,2688
11:47:35,SP-FUTURE,2917.75,1018,2918.0,551
11:47:36,SP-FUTURE,2918.75,457,2919.0,1112
11:47:36,ESX-FUTURE,3346.25,3422,3346.5,51
11:47:37,SP-FUTURE,2914.25,664,2914.5,905
11:47:37,ESX-FUTURE,3346.5,926,3346.75,2547
11:47:38,ESX-FUTURE,3346.5,2514,3346.75,959
11:47:39,ESX-FUTURE,3346.5,1940,3346.75,1533
11:47:39,SP-FUTURE,2912.75,746,2913.0,823
11:47:39,ESX-FUTURE,3346.25,2490,3346.5,983
11:47:40,SP-FUTURE,2912.75,1376,2913.0,193
11:47:41,ESX-FUTURE,3346.25,3188,3346.5,285
11:47:41,SP-FUTURE,2912.75,1271,2913.0,298
11:47:42,ESX-FUTURE,3346.0,2052,3346.25,1421
11:47:42,SP-FUTURE,2912.75,1272,2913.0,297
11:47:43,ESX-FUTURE,3346.0,61,3346.25,3412
11:47:43,ESX-FUTURE,3346.0,2500,3346.25,973
11:47:44,SP-FUTURE,2912.0,847,2912.25,722
11:47:44,SP-FUTURE,2911.5,597,2911.75,972
11:47:44,ESX-FUTURE,3345.75,1775,3346.0,1698
11:47:45,SP-FUTURE,2912.0,322,2912.25,1247
11:47:45,SP-FUTURE,2912.0,499,2912.25,1070
11:47:46,ESX-FUTURE,3345.75,3307,3346.0,166
11:47:46,SP-FUTURE,2912.0,619,2912.25,950
11:47:47,SP-FUTURE,2912.0,578,2912.25,991
11:47:47,ESX-FUTURE,3346.25,67,3346.5,3406
11:47:47,ESX-FUTURE,3346.5,315,3346.75,3158
11:47:48,ESX-FUTURE,3346.5,85,3346.75,3388
11:47:48,SP-FUTURE,2912.0,578,2912.25,991
11:47:48,ESX-FUTURE,3346.75,1292,3347.0,2181
11:47:48,ESX-FUTURE,3346.75,1828,3347.0,1645
11:47:49,SP-FUTURE,2912.0,1212,2912.25,357
11:47:49,SP-FUTURE,2912.0,1190,2912.25,379
11:47:50,ESX-FUTURE,3346.75,1230,3347.0,2243
11:47:50,SP-FUTURE,2912.0,914,2912.25,655
11:47:50,SP-FUTURE,2912.25,637,2912.5,932
11:47:50,ESX-FUTURE,3346.75,2469,3347.0,1004
11:47:51,SP-FUTURE,2912.0,819,2912.25,750
11:47:52,ESX-FUTURE,3347.0,1770,3347.25,1703
11:47:52,SP-FUTURE,2912.0,254,2912.25,1315
11:47:53,SP-FUTURE,2912.0,252,2912.25,1317
11:47:53,ESX-FUTURE,3347.0,1762,3347.25,1711
11:47:54,ESX-FUTURE,3348.25,755,3348.5,2718
11:47:54,ESX-FUTURE,3348.75,642,3349.0,2831
11:47:55,ESX-FUTURE,3350.0,445,3350.25,3028
11:47:55,SP-FUTURE,2912.0,518,2912.25,1051
11:47:55,SP-FUTURE,2911.75,751,2912.0,818
11:47:55,ESX-FUTURE,3350.0,2737,3350.25,736
11:47:56,SP-FUTURE,2910.75,615,2911.0,954
11:47:57,ESX-FUTURE,3349.75,3082,3350.0,391
11:47:57,ESX-FUTURE,3349.5,2820,3349.75,653
11:47:58,ESX-FUTURE,3349.5,819,3349.75,2654
11:47:58,SP-FUTURE,2912.25,1247,2912.5,322
11:47:59,ESX-FUTURE,3349.5,1986,3349.75,1487
11:48:00,SP-FUTURE,2912.0,332,2912.25,1237
11:48:00,ESX-FUTURE,3349.5,865,3349.75,2608
11:48:00,SP-FUTURE,2911.75,1415,2912.0,154
11:48:01,SP-FUTURE,2911.75,1028,2912.0,541
11:48:01,ESX-FUTURE,3348.75,2178,3349.0,1295
11:48:01,SP-FUTURE,2911.75,635,2912.0,934
11:48:02,ESX-FUTURE,3348.5,2086,3348.75,1387
11:48:02,ESX-FUTURE,3348.5,2129,3348.75,1344
11:48:03,SP-FUTURE,2911.5,1544,2911.75,25
11:48:03,ESX-FUTURE,3348.5,1919,3348.75,1554
11:48:04,ESX-FUTURE,3348.5,1932,3348.75,1541
11:48:04,SP-FUTURE,2911.25,118,2911.5,1451
11:48:04,SP-FUTURE,2911.0,1533,2911.25,36
11:48:05,ESX-FUTURE,3348.5,1969,3348.75,1504
11:48:05,SP-FUTURE,2911.25,827,2911.5,742
11:48:06,ESX-FUTURE,3348.5,547,3348.75,2926
11:48:06,SP-FUTURE,2911.5,1467,2911.75,102
11:48:06,SP-FUTURE,2911.5,1089,2911.75,480
11:48:07,SP-FUTURE,2911.5,1068,2911.75,501
11:48:07,ESX-FUTURE,3348.0,334,3348.25,3139
11:48:07,ESX-FUTURE,3348.0,503,3348.25,2970
11:48:08,SP-FUTURE,2911.5,1034,2911.75,535
11:48:08,ESX-FUTURE,3348.25,2191,3348.5,1282
11:48:08,SP-FUTURE,2910.5,1306,2910.75,263
11:48:08,ESX-FUTURE,3348.25,2728,3348.5,745
11:48:09,SP-FUTURE,2910.25,273,2910.5,1296
11:48:10,ESX-FUTURE,3348.25,2543,3348.5,930
11:48:10,SP-FUTURE,2910.25,605,2910.5,964
11:48:10,ESX-FUTURE,3349.0,886,3349.25,2587
11:48:11,ESX-FUTURE,3348.75,196,3349.0,3277
11:48:11,SP-FUTURE,2912.0,252,2912.25,1317
11:48:11,ESX-FUTURE,3350.0,3265,3350.25,208
11:48:12,ESX-FUTURE,3350.25,2042,3350.5,1431
11:48:12,SP-FUTURE,2912.0,922,2912.25,647
11:48:12,ESX-FUTURE,3350.25,1934,3350.5,1539
11:48:13,SP-FUTURE,2911.75,1149,2912.0,420
11:48:13,SP-FUTURE,2912.5,600,2912.75,969
11:48:13,ESX-FUTURE,3350.0,2773,3350.25,700
11:48:14,SP-FUTURE,2911.5,916,2911.75,653
11:48:15,ESX-FUTURE,3350.25,2096,3350.5,1377
11:48:16,ESX-FUTURE,3350.25,2798,3350.5,675
11:48:16,SP-FUTURE,2911.5,1122,2911.75,447
11:48:16,ESX-FUTURE,3350.5,236,3350.75,3237
11:48:16,SP-FUTURE,2911.5,1386,2911.75,183
11:48:17,SP-FUTURE,2911.5,1409,2911.75,160
11:48:18,ESX-FUTURE,3350.25,1563,3350.5,1910
11:48:19,SP-FUTURE,2911.5,1403,2911.75,166
11:48:19,SP-FUTURE,2911.75,55,2912.0,1514
11:48:19,ESX-FUTURE,3350.25,1532,3350.5,1941
11:48:20,ESX-FUTURE,3350.25,1344,3350.5,2129
11:48:20,SP-FUTURE,2911.75,1066,2912.0,503
11:48:21,ESX-FUTURE,3350.25,2886,3350.5,587
11:48:21,ESX-FUTURE,3350.5,220,3350.75,3253
11:48:22,SP-FUTURE,2911.75,791,2912.0,778
11:48:22,ESX-FUTURE,3350.5,246,3350.75,3227
11:48:23,ESX-FUTURE,3350.5,325,3350.75,3148
11:48:24,SP-FUTURE,2912.0,478,2912.25,1091
11:48:25,ESX-FUTURE,3349.75,3459,3350.0,14
11:48:25,SP-FUTURE,2912.0,479,2912.25,1090
11:48:26,ESX-FUTURE,3350.25,1874,3350.5,1599
11:48:26,SP-FUTURE,2912.25,45,2912.5,1524
11:48:27,ESX-FUTURE,3350.25,1724,3350.5,1749
11:48:28,ESX-FUTURE,3350.25,2174,3350.5,1299
11:48:28,SP-FUTURE,2912.25,1506,2912.5,63
11:48:29,SP-FUTURE,2912.25,1307,2912.5,262
11:48:29,ESX-FUTURE,3348.0,520,3348.25,2953
11:48:30,ESX-FUTURE,3348.0,1498,3348.25,1975
11:48:30,SP-FUTURE,2914.25,616,2914.5,953
11:48:31,ESX-FUTURE,3347.25,1253,3347.5,2220
11:48:32,ESX-FUTURE,3347.5,1366,3347.75,2107
11:48:32,ESX-FUTURE,3347.5,2243,3347.75,1230
11:48:32,SP-FUTURE,2914.25,1108,2914.5,461
11:48:33,ESX-FUTURE,3347.25,3467,3347.5,6
11:48:34,SP-FUTURE,2914.25,1110,2914.5,459
11:48:34,ESX-FUTURE,3347.25,3047,3347.5,426
11:48:34,ESX-FUTURE,3347.25,7,3347.5,3466
11:48:35,ESX-FUTURE,3347.25,808,3347.5,2665
11:48:35,SP-FUTURE,2915.0,1259,2915.25,310
11:48:35,ESX-FUTURE,3347.25,1335,3347.5,2138
11:48:36,SP-FUTURE,2915.0,500,2915.25,1069
11:48:37,ESX-FUTURE,3349.0,1407,3349.25,2066
11:48:37,SP-FUTURE,2915.25,298,2915.5,1271
11:48:38,SP-FUTURE,2915.25,299,2915.5,1270
11:48:38,ESX-FUTURE,3349.0,955,3349.25,2518
11:48:39,SP-FUTURE,2915.25,101,2915.5,1468
11:48:39,ESX-FUTURE,3349.0,966,3349.25,2507
11:48:40,SP-FUTURE,2915.0,1354,2915.25,215
11:48:40,ESX-FUTURE,3349.0,133,3349.25,3340
11:48:41,ESX-FUTURE,3349.0,273,3349.25,3200
11:48:41,SP-FUTURE,2915.25,453,2915.5,1116
11:48:42,ESX-FUTURE,3349.0,238,3349.25,3235
11:48:43,ESX-FUTURE,3349.5,345,3349.75,3128
11:48:43,SP-FUTURE,2915.25,703,2915.5,866
11:48:44,SP-FUTURE,2915.25,699,2915.5,870
11:48:44,ESX-FUTURE,3349.25,1281,3349.5,2192
11:48:44,SP-FUTURE,2915.25,273,2915.5,1296
11:48:45,ESX-FUTURE,3349.25,3392,3349.5,81
11:48:45,ESX-FUTURE,3349.25,1969,3349.5,1504
11:48:46,SP-FUTURE,2915.0,1557,2915.25,12
11:48:46,ESX-FUTURE,3349.25,1985,3349.5,1488
11:48:46,SP-FUTURE,2914.0,976,2914.25,593
11:48:47,SP-FUTURE,2913.5,984,2913.75,585
11:48:47,ESX-FUTURE,3349.25,2793,3349.5,680
11:48:47,SP-FUTURE,2913.75,151,2914.0,1418
11:48:48,ESX-FUTURE,3349.25,2760,3349.5,713
11:48:48,ESX-FUTURE,3349.5,983,3349.75,2490
11:48:49,SP-FUTURE,2913.5,670,2913.75,899
11:48:49,SP-FUTURE,2913.5,1159,2913.75,410
11:48:49,SP-FUTURE,2913.25,400,2913.5,1169
11:48:50,ESX-FUTURE,3349.5,1118,3349.75,2355
11:48:50,SP-FUTURE,2913.25,837,2913.5,732
11:48:50,SP-FUTURE,2912.5,213,2912.75,1356
11:48:51,ESX-FUTURE,3349.75,148,3350.0,3325
11:48:51,ESX-FUTURE,3349.5,2483,3349.75,990
11:48:51,SP-FUTURE,2912.5,221,2912.75,1348
11:48:52,ESX-FUTURE,3349.5,1464,3349.75,2009
11:48:52,SP-FUTURE,2912.5,325,2912.75,1244
11:48:53,ESX-FUTURE,3351.0,382,3351.25,3091
11:48:54,ESX-FUTURE,3350.75,3127,3351.0,346
11:48:54,SP-FUTURE,2912.25,1365,2912.5,204
11:48:55,ESX-FUTURE,3351.0,305,3351.25,3168
11:48:55,SP-FUTURE,2912.5,430,2912.75,1139
11:48:56,ESX-FUTURE,3351.5,716,3351.75,2757
11:48:56,SP-FUTURE,2912.5,417,2912.75,1152
11:48:56,ESX-FUTURE,3351.5,150,3351.75,3323
11:48:57,SP-FUTURE,2912.5,158,2912.75,1411
11:48:58,ESX-FUTURE,3351.25,3238,3351.5,235
11:48:59,SP-FUTURE,2912.5,18,2912.75,1551
11:48:59,ESX-FUTURE,3351.25,3238,3351.5,235
11:48:59,SP-FUTURE,2912.5,62,2912.75,1507
11:49:00,ESX-FUTURE,3351.25,3132,3351.5,341
11:49:00,SP-FUTURE,2911.0,435,2911.25,1134
11:49:00,ESX-FUTURE,3351.5,12,3351.75,3461
11:49:01,SP-FUTURE,2911.0,541,2911.25,1028
11:49:02,ESX-FUTURE,3352.5,1117,3352.75,2356
11:49:02,SP-FUTURE,2911.0,439,2911.25,1130
11:49:03,ESX-FUTURE,3352.25,3062,3352.5,411
11:49:03,SP-FUTURE,2911.0,702,2911.25,867
11:49:03,ESX-FUTURE,3352.25,95,3352.5,3378
11:49:03,SP-FUTURE,2911.0,694,2911.25,875
11:49:03,SP-FUTURE,2911.0,691,2911.25,878
11:49:04,ESX-FUTURE,3352.0,2371,3352.25,1102
11:49:04,SP-FUTURE,2909.5,169,2909.75,1400
11:49:05,ESX-FUTURE,3352.0,3274,3352.25,199
11:49:05,SP-FUTURE,2909.5,407,2909.75,1162
11:49:05,ESX-FUTURE,3352.0,1949,3352.25,1524
11:49:06,ESX-FUTURE,3352.5,2382,3352.75,1091
11:49:06,ESX-FUTURE,3352.5,3248,3352.75,225
11:49:07,SP-FUTURE,2909.5,437,2909.75,1132
11:49:07,ESX-FUTURE,3352.5,3107,3352.75,366
11:49:08,SP-FUTURE,2909.5,429,2909.75,1140
11:49:08,ESX-FUTURE,3352.5,1133,3352.75,2340
11:49:08,SP-FUTURE,2908.5,1267,2908.75,302
11:49:09,ESX-FUTURE,3352.5,1321,3352.75,2152
11:49:09,SP-FUTURE,2908.75,432,2909.0,1137
11:49:10,SP-FUTURE,2908.5,573,2908.75,996
11:49:11,ESX-FUTURE,3352.75,2869,3353.0,604
11:49:11,SP-FUTURE,2908.5,885,2908.75,684
11:49:11,ESX-FUTURE,3353.25,3421,3353.5,52
11:49:12,ESX-FUTURE,3353.0,3308,3353.25,165
11:49:13,SP-FUTURE,2908.5,449,2908.75,1120
11:49:13,ESX-FUTURE,3353.25,179,3353.5,3294
11:49:14,ESX-FUTURE,3353.75,293,3354.0,3180
11:49:14,SP-FUTURE,2908.5,988,2908.75,581
11:49:15,ESX-FUTURE,3353.75,3241,3354.0,232
11:49:15,ESX-FUTURE,3353.75,2394,3354.0,1079
11:49:15,SP-FUTURE,2908.5,650,2908.75,919
11:49:16,SP-FUTURE,2908.0,888,2908.25,681
11:49:16,ESX-FUTURE,3353.75,2544,3354.0,929
11:49:17,SP-FUTURE,2908.5,704,2908.75,865
11:49:18,ESX-FUTURE,3354.25,2094,3354.5,1379
11:49:19,SP-FUTURE,2908.25,1361,2908.5,208
11:49:19,SP-FUTURE,2908.25,1035,2908.5,534
11:49:19,ESX-FUTURE,3354.25,2684,3354.5,789
11:49:20,SP-FUTURE,2908.5,947,2908.75,622
11:49:20,ESX-FUTURE,3354.25,953,3354.5,2520
11:49:21,ESX-FUTURE,3354.75,565,3355.0,2908
11:49:21,SP-FUTURE,2908.5,1325,2908.75,244
11:49:23,SP-FUTURE,2908.5,1081,2908.75,488
11:49:23,ESX-FUTURE,3354.75,1869,3355.0,1604
11:49:23,SP-FUTURE,2909.75,1242,2910.0,327
11:49:24,ESX-FUTURE,3354.75,2700,3355.0,773
11:49:24,SP-FUTURE,2909.75,1247,2910.0,322
11:49:25,ESX-FUTURE,3354.75,670,3355.0,2803
11:49:25,SP-FUTURE,2909.75,1238,2910.0,331
11:49:26,SP-FUTURE,2912.5,514,2912.75,1055
11:49:26,ESX-FUTURE,3354.5,2717,3354.75,756
11:49:27,SP-FUTURE,2913.0,174,2913.25,1395
11:49:27,ESX-FUTURE,3354.5,3473,3354.75,2
11:49:27,SP-FUTURE,2913.0,174,2913.25,1395
11:49:28,SP-FUTURE,2913.0,175,2913.25,1394
11:49:28,ESX-FUTURE,3354.5,3058,3354.75,417
11:49:29,SP-FUTURE,2913.0,573,2913.25,996
11:49:30,ESX-FUTURE,3354.5,3122,3354.75,353
11:49:31,ESX-FUTURE,3354.75,247,3355.0,3228
11:49:31,SP-FUTURE,2913.0,185,2913.25,1384
11:49:32,ESX-FUTURE,3354.5,3275,3354.75,200
11:49:32,SP-FUTURE,2913.0,278,2913.25,1291
11:49:33,SP-FUTURE,2912.75,1044,2913.0,525
11:49:34,ESX-FUTURE,3354.5,372,3354.75,3103
11:49:35,SP-FUTURE,2912.75,827,2913.0,742
11:49:35,SP-FUTURE,2912.75,645,2913.0,924
11:49:35,ESX-FUTURE,3354.0,2055,3354.25,1420
11:49:36,ESX-FUTURE,3354.0,3224,3354.25,251
11:49:36,SP-FUTURE,2912.75,643,2913.0,926
11:49:37,ESX-FUTURE,3354.0,2107,3354.25,1368
11:49:38,SP-FUTURE,2912.75,627,2913.0,942
11:49:39,ESX-FUTURE,3354.0,2331,3354.25,1144
11:49:39,ESX-FUTURE,3354.0,2357,3354.25,1118
11:49:39,SP-FUTURE,2912.75,1535,2913.0,34
11:49:40,ESX-FUTURE,3354.0,2130,3354.25,1345
11:49:40,SP-FUTURE,2913.5,1279,2913.75,290
11:49:41,SP-FUTURE,2913.5,250,2913.75,1319
11:49:41,ESX-FUTURE,3354.0,883,3354.25,2592
11:49:43,ESX-FUTURE,3354.5,2059,3354.75,1416
11:49:43,SP-FUTURE,2913.5,554,2913.75,1015
11:49:44,ESX-FUTURE,3354.25,1832,3354.5,1643
11:49:45,SP-FUTURE,2913.5,780,2913.75,789
11:49:45,ESX-FUTURE,3355.0,2709,3355.25,766
11:49:46,SP-FUTURE,2913.75,719,2914.0,850
11:49:47,ESX-FUTURE,3355.0,1291,3355.25,2184
11:49:47,SP-FUTURE,2913.75,356,2914.0,1213
11:49:48,SP-FUTURE,2913.5,920,2913.75,649
11:49:48,ESX-FUTURE,3353.5,2659,3353.75,816
11:49:49,SP-FUTURE,2913.25,1519,2913.5,50
11:49:50,ESX-FUTURE,3353.5,2675,3353.75,800
11:49:50,SP-FUTURE,2913.5,696,2913.75,873
11:49:51,ESX-FUTURE,3353.5,2046,3353.75,1429
11:49:52,ESX-FUTURE,3353.5,3004,3353.75,471
11:49:52,SP-FUTURE,2913.5,722,2913.75,847
11:49:53,SP-FUTURE,2913.5,1056,2913.75,513
11:49:53,ESX-FUTURE,3353.5,2539,3353.75,936
11:49:54,SP-FUTURE,2913.25,1033,2913.5,536
11:49:54,ESX-FUTURE,3353.75,922,3354.0,2553
11:49:55,SP-FUTURE,2913.25,1146,2913.5,423
11:49:56,ESX-FUTURE,3354.0,849,3354.25,2626
11:49:57,SP-FUTURE,2914.0,853,2914.25,716
11:49:57,SP-FUTURE,2913.75,789,2914.0,780
11:49:57,ESX-FUTURE,3354.0,1003,3354.25,2472
11:49:57,SP-FUTURE,2913.75,1501,2914.0,68
11:49:58,ESX-FUTURE,3354.0,1060,3354.25,2415
11:49:58,ESX-FUTURE,3354.0,885,3354.25,2590
11:49:59,SP-FUTURE,2914.0,1021,2914.25,548
11:50:00,SP-FUTURE,2914.0,357,2914.25,1212
11:50:00,ESX-FUTURE,3353.75,3320,3354.0,155
11:50:01,ESX-FUTURE,3354.5,538,3354.75,2937
11:50:02,ESX-FUTURE,3354.75,2034,3355.0,1441
11:50:02,SP-FUTURE,2913.0,832,2913.25,737
11:50:03,ESX-FUTURE,3354.25,1320,3354.5,2155
11:50:03,SP-FUTURE,2913.25,72,2913.5,1497
11:50:03,SP-FUTURE,2913.0,1243,2913.25,326
11:50:04,ESX-FUTURE,3354.0,119,3354.25,3356
11:50:04,SP-FUTURE,2913.25,337,2913.5,1232
11:50:05,ESX-FUTURE,3353.75,1554,3354.0,1921
11:50:06,SP-FUTURE,2912.75,881,2913.0,688
11:50:07,ESX-FUTURE,3353.75,178,3354.0,3297
11:50:08,SP-FUTURE,2912.75,994,2913.0,575
11:50:08,ESX-FUTURE,3353.75,1281,3354.0,2194
11:50:08,SP-FUTURE,2912.75,229,2913.0,1340
11:50:09,ESX-FUTURE,3354.25,2292,3354.5,1183
11:50:09,ESX-FUTURE,3354.5,3232,3354.75,243
11:50:09,SP-FUTURE,2912.5,157,2912.75,1412
11:50:10,SP-FUTURE,2912.5,22,2912.75,1547
11:50:10,ESX-FUTURE,3354.75,403,3355.0,3072
11:50:11,SP-FUTURE,2916.25,726,2916.5,843
11:50:11,ESX-FUTURE,3354.25,1834,3354.5,1641
11:50:12,SP-FUTURE,2916.25,178,2916.5,1391
11:50:12,ESX-FUTURE,3354.25,2615,3354.5,860
11:50:12,SP-FUTURE,2916.25,659,2916.5,910
11:50:13,SP-FUTURE,2916.25,1161,2916.5,408
11:50:13,ESX-FUTURE,3354.0,814,3354.25,2661
11:50:14,ESX-FUTURE,3354.0,2856,3354.25,619
11:50:15,SP-FUTURE,2916.25,1130,2916.5,439
11:50:16,ESX-FUTURE,3354.0,1508,3354.25,1967
11:50:16,SP-FUTURE,2916.5,310,2916.75,1259
11:50:17,SP-FUTURE,2916.25,633,2916.5,936
11:50:17,ESX-FUTURE,3354.0,1825,3354.25,1650
11:50:19,SP-FUTURE,2917.0,769,2917.25,800
11:50:19,ESX-FUTURE,3354.5,2704,3354.75,771
11:50:19,SP-FUTURE,2913.75,1128,2914.0,441
11:50:20,ESX-FUTURE,3354.5,3320,3354.75,155
11:50:20,SP-FUTURE,2913.75,1312,2914.0,257
11:50:21,ESX-FUTURE,3354.5,2670,3354.75,805
11:50:22,SP-FUTURE,2913.75,289,2914.0,1280
11:50:22,SP-FUTURE,2913.25,147,2913.5,1422
11:50:22,ESX-FUTURE,3354.5,2633,3354.75,842
11:50:22,SP-FUTURE,2913.0,350,2913.25,1219
11:50:23,ESX-FUTURE,3355.25,765,3355.5,2710
11:50:24,SP-FUTURE,2916.25,59,2916.5,1510
11:50:25,SP-FUTURE,2916.0,1521,2916.25,48
11:50:25,ESX-FUTURE,3355.25,482,3355.5,2993
11:50:26,ESX-FUTURE,3355.25,483,3355.5,2992
11:50:26,SP-FUTURE,2916.25,434,2916.5,1135
11:50:27,ESX-FUTURE,3355.25,707,3355.5,2768
11:50:28,SP-FUTURE,2916.25,705,2916.5,864
11:50:28,ESX-FUTURE,3355.0,3082,3355.25,393
11:50:28,SP-FUTURE,2916.25,1453,2916.5,116
11:50:28,ESX-FUTURE,3355.0,3117,3355.25,358
11:50:29,ESX-FUTURE,3355.0,3200,3355.25,275
11:50:29,SP-FUTURE,2916.5,532,2916.75,1037
11:50:30,ESX-FUTURE,3355.0,1417,3355.25,2058
11:50:30,SP-FUTURE,2916.0,1185,2916.25,384
11:50:31,SP-FUTURE,2916.75,867,2917.0,702
11:50:31,ESX-FUTURE,3354.75,2345,3355.0,1130
11:50:31,SP-FUTURE,2916.75,1296,2917.0,273
11:50:31,ESX-FUTURE,3355.0,1893,3355.25,1582
11:50:33,SP-FUTURE,2916.5,1328,2916.75,241
11:50:34,ESX-FUTURE,3355.25,200,3355.5,3275
11:50:34,SP-FUTURE,2916.75,780,2917.0,789
11:50:34,ESX-FUTURE,3355.75,531,3356.0,2944
11:50:35,ESX-FUTURE,3355.5,3252,3355.75,223
11:50:35,SP-FUTURE,2916.75,588,2917.0,981
11:50:36,ESX-FUTURE,3355.0,252,3355.25,3223
11:50:36,SP-FUTURE,2916.75,567,2917.0,1002
11:50:37,ESX-FUTURE,3355.5,1991,3355.75,1484
11:50:38,SP-FUTURE,2916.75,643,2917.0,926
11:50:38,SP-FUTURE,2916.75,627,2917.0,942
11:50:38,ESX-FUTURE,3356.0,1470,3356.25,2005
11:50:39,SP-FUTURE,2917.25,901,2917.5,668
11:50:40,SP-FUTURE,2917.5,134,2917.75,1435
11:50:41,ESX-FUTURE,3356.0,2312,3356.25,1163
11:50:42,ESX-FUTURE,3356.0,2387,3356.25,1088
11:50:42,SP-FUTURE,2917.25,1515,2917.5,54
11:50:42,SP-FUTURE,2916.75,1196,2917.0,373
11:50:43,ESX-FUTURE,3356.0,2387,3356.25,1088
11:50:43,ESX-FUTURE,3354.0,1333,3354.25,2142
11:50:44,SP-FUTURE,2916.75,763,2917.0,806
11:50:44,ESX-FUTURE,3354.0,1367,3354.25,2108
11:50:45,ESX-FUTURE,3354.0,915,3354.25,2560
11:50:46,ESX-FUTURE,3353.0,102,3353.25,3373
11:50:46,SP-FUTURE,2916.75,918,2917.0,651
11:50:47,SP-FUTURE,2916.75,863,2917.0,706
11:50:47,ESX-FUTURE,3353.0,2606,3353.25,869
11:50:48,SP-FUTURE,2916.75,341,2917.0,1228
11:50:48,ESX-FUTURE,3353.0,1384,3353.25,2091
11:50:49,SP-FUTURE,2916.5,224,2916.75,1345
11:50:49,ESX-FUTURE,3353.0,3460,3353.25,15
11:50:49,SP-FUTURE,2916.5,228,2916.75,1341
11:50:50,ESX-FUTURE,3353.25,112,3353.5,3363
11:50:51,ESX-FUTURE,3355.5,3042,3355.75,433
11:50:51,SP-FUTURE,2912.5,1444,2912.75,125
11:50:52,ESX-FUTURE,3355.5,2963,3355.75,512
11:50:52,SP-FUTURE,2912.5,1478,2912.75,91
11:50:52,ESX-FUTURE,3355.5,3148,3355.75,327
11:50:53,ESX-FUTURE,3355.5,3248,3355.75,227
11:50:54,SP-FUTURE,2912.5,1518,2912.75,51
11:50:54,ESX-FUTURE,3355.75,6,3356.0,3469
11:50:54,SP-FUTURE,2912.75,58,2913.0,1511
11:50:55,SP-FUTURE,2912.75,105,2913.0,1464
11:50:55,ESX-FUTURE,3355.5,3435,3355.75,40
11:50:56,ESX-FUTURE,3355.75,30,3356.0,3445
11:50:56,SP-FUTURE,2912.75,99,2913.0,1470
11:50:56,ESX-FUTURE,3355.75,192,3356.0,3283
11:50:57,SP-FUTURE,2912.5,1556,2912.75,13
11:50:57,ESX-FUTURE,3355.75,192,3356.0,3283
11:50:58,SP-FUTURE,2913.0,176,2913.25,1393
11:50:58,ESX-FUTURE,3355.5,3454,3355.75,21
11:50:59,ESX-FUTURE,3355.5,2298,3355.75,1177
11:50:59,SP-FUTURE,2912.5,895,2912.75,674
11:50:59,ESX-FUTURE,3355.5,959,3355.75,2516
11:51:00,SP-FUTURE,2912.5,784,2912.75,785
11:51:00,ESX-FUTURE,3355.5,178,3355.75,3297
11:51:00,SP-FUTURE,2913.0,542,2913.25,1027
11:51:01,ESX-FUTURE,3355.25,3366,3355.5,109
11:51:01,SP-FUTURE,2913.0,556,2913.25,1013
11:51:02,SP-FUTURE,2913.0,452,2913.25,1117
11:51:02,ESX-FUTURE,3355.5,1327,3355.75,2148
11:51:03,ESX-FUTURE,3355.5,2226,3355.75,1249
11:51:03,SP-FUTURE,2912.5,1342,2912.75,227
11:51:04,SP-FUTURE,2912.75,948,2913.0,621
11:51:04,ESX-FUTURE,3355.5,2693,3355.75,782
11:51:04,ESX-FUTURE,3355.25,3067,3355.5,408
11:51:05,SP-FUTURE,2912.75,519,2913.0,1050
11:51:05,SP-FUTURE,2912.5,600,2912.75,969
11:51:06,ESX-FUTURE,3355.5,1781,3355.75,1694
11:51:06,ESX-FUTURE,3355.25,2968,3355.5,507
11:51:06,SP-FUTURE,2912.25,1390,2912.5,179
11:51:07,ESX-FUTURE,3355.25,2994,3355.5,481
11:51:07,SP-FUTURE,2912.25,144,2912.5,1425
11:51:07,ESX-FUTURE,3355.5,384,3355.75,3091
11:51:09,SP-FUTURE,2912.25,375,2912.5,1194
11:51:09,ESX-FUTURE,3355.5,560,3355.75,2915
11:51:09,SP-FUTURE,2912.75,436,2913.0,1133
11:51:10,SP-FUTURE,2912.75,650,2913.0,919
11:51:10,ESX-FUTURE,3355.25,2260,3355.5,1215
11:51:10,SP-FUTURE,2912.75,570,2913.0,999
11:51:11,ESX-FUTURE,3355.25,2207,3355.5,1268
11:51:11,SP-FUTURE,2913.0,66,2913.25,1503
11:51:12,ESX-FUTURE,3355.25,3440,3355.5,35
11:51:12,SP-FUTURE,2912.75,1198,2913.0,371
11:51:13,ESX-FUTURE,3355.5,185,3355.75,3290
11:51:13,ESX-FUTURE,3355.5,1876,3355.75,1599
11:51:13,SP-FUTURE,2912.75,1044,2913.0,525
11:51:14,SP-FUTURE,2912.75,584,2913.0,985
11:51:14,SP-FUTURE,2912.75,700,2913.0,869
11:51:15,ESX-FUTURE,3355.25,2845,3355.5,630
11:51:15,SP-FUTURE,2912.75,556,2913.0,1013
11:51:16,ESX-FUTURE,3355.25,1510,3355.5,1965
11:51:16,ESX-FUTURE,3355.5,615,3355.75,2860
11:51:16,SP-FUTURE,2913.0,1281,2913.25,288
11:51:17,SP-FUTURE,2913.75,195,2914.0,1374
11:51:17,SP-FUTURE,2913.5,1486,2913.75,83
11:51:17,ESX-FUTURE,3355.5,603,3355.75,2872
11:51:18,ESX-FUTURE,3355.5,664,3355.75,2811
11:51:18,ESX-FUTURE,3355.5,776,3355.75,2699
11:51:18,SP-FUTURE,2913.75,840,2914.0,729
11:51:19,ESX-FUTURE,3355.75,2823,3356.0,652
11:51:20,SP-FUTURE,2913.5,714,2913.75,855
11:51:20,ESX-FUTURE,3355.75,673,3356.0,2802
11:51:20,SP-FUTURE,2913.5,978,2913.75,591
11:51:21,ESX-FUTURE,3355.5,3185,3355.75,290
11:51:21,SP-FUTURE,2913.5,767,2913.75,802
11:51:22,SP-FUTURE,2913.25,1074,2913.5,495
11:51:23,ESX-FUTURE,3355.75,375,3356.0,3100
11:51:23,SP-FUTURE,2913.25,983,2913.5,586
11:51:23,SP-FUTURE,2913.75,551,2914.0,1018
11:51:23,ESX-FUTURE,3357.25,2199,3357.5,1276
11:51:24,SP-FUTURE,2913.5,675,2913.75,894
11:51:25,ESX-FUTURE,3357.5,1382,3357.75,2093
11:51:25,SP-FUTURE,2913.75,1297,2914.0,272
11:51:26,SP-FUTURE,2913.5,27,2913.75,1542
11:51:26,SP-FUTURE,2913.0,761,2913.25,808
11:51:27,ESX-FUTURE,3357.5,1131,3357.75,2344
11:51:27,SP-FUTURE,2913.0,463,2913.25,1106
11:51:27,SP-FUTURE,2915.5,952,2915.75,617
11:51:28,ESX-FUTURE,3357.5,2322,3357.75,1153
11:51:28,SP-FUTURE,2915.5,1311,2915.75,258
11:51:29,SP-FUTURE,2915.25,1463,2915.5,106
11:51:30,ESX-FUTURE,3357.5,2622,3357.75,853
11:51:31,SP-FUTURE,2914.75,1173,2915.0,396
11:51:31,ESX-FUTURE,3357.5,3281,3357.75,194
11:51:32,SP-FUTURE,2914.75,1121,2915.0,448
11:51:32,ESX-FUTURE,3357.75,2660,3358.0,815
11:51:33,SP-FUTURE,2913.75,1476,2914.0,93
11:51:34,ESX-FUTURE,3357.75,2931,3358.0,544
11:51:34,SP-FUTURE,2913.5,528,2913.75,1041
11:51:34,ESX-FUTURE,3358.0,9,3358.25,3466
11:51:36,SP-FUTURE,2913.5,540,2913.75,1029
11:51:36,ESX-FUTURE,3359.0,484,3359.25,2991
11:51:37,ESX-FUTURE,3359.25,374,3359.5,3101
11:51:37,SP-FUTURE,2914.0,206,2914.25,1363
11:51:37,SP-FUTURE,2914.0,383,2914.25,1186
11:51:38,ESX-FUTURE,3359.5,1575,3359.75,1900
11:51:38,ESX-FUTURE,3359.75,639,3360.0,2836
11:51:38,SP-FUTURE,2914.0,716,2914.25,853
11:51:39,SP-FUTURE,2914.0,293,2914.25,1276
11:51:40,SP-FUTURE,2913.75,1117,2914.0,452
11:51:40,ESX-FUTURE,3359.75,880,3360.0,2595
11:51:41,ESX-FUTURE,3359.75,2132,3360.0,1343
11:51:41,SP-FUTURE,2913.75,1467,2914.0,102
11:51:42,SP-FUTURE,2912.75,409,2913.0,1160
11:51:42,ESX-FUTURE,3359.75,2078,3360.0,1397
11:51:42,SP-FUTURE,2911.75,353,2912.0,1216
11:51:43,SP-FUTURE,2911.75,610,2912.0,959
11:51:43,SP-FUTURE,2911.5,1545,2911.75,24
11:51:43,ESX-FUTURE,3359.75,2127,3360.0,1348
11:51:44,SP-FUTURE,2912.5,129,2912.75,1440
11:51:44,ESX-FUTURE,3362.5,1840,3362.75,1635
11:51:45,SP-FUTURE,2912.0,1333,2912.25,236
11:51:46,ESX-FUTURE,3362.5,308,3362.75,3167
11:51:46,SP-FUTURE,2912.0,1285,2912.25,284
11:51:47,ESX-FUTURE,3362.5,151,3362.75,3324
11:51:47,ESX-FUTURE,3362.5,1405,3362.75,2070
11:51:48,SP-FUTURE,2912.25,273,2912.5,1296
11:51:49,ESX-FUTURE,3362.5,826,3362.75,2649
11:51:49,ESX-FUTURE,3362.75,1467,3363.0,2008
11:51:49,SP-FUTURE,2912.75,905,2913.0,664
11:51:50,SP-FUTURE,2913.0,392,2913.25,1177
11:51:50,ESX-FUTURE,3362.75,1597,3363.0,1878
11:51:50,SP-FUTURE,2913.0,396,2913.25,1173
11:51:51,ESX-FUTURE,3362.25,3079,3362.5,396
11:51:51,SP-FUTURE,2913.0,383,2913.25,1186
11:51:52,ESX-FUTURE,3362.5,2021,3362.75,1454
11:51:53,SP-FUTURE,2913.25,1005,2913.5,564
11:51:53,ESX-FUTURE,3362.5,2238,3362.75,1237
11:51:53,SP-FUTURE,2913.75,345,2914.0,1224
11:51:54,ESX-FUTURE,3362.5,2246,3362.75,1229
11:51:55,SP-FUTURE,2913.75,1033,2914.0,536
11:51:55,ESX-FUTURE,3362.25,1057,3362.5,2418
11:51:56,SP-FUTURE,2913.75,1533,2914.0,36
11:51:56,ESX-FUTURE,3362.25,1102,3362.5,2373
11:51:57,ESX-FUTURE,3362.25,994,3362.5,2481
11:51:57,SP-FUTURE,2914.0,1052,2914.25,517
11:51:57,ESX-FUTURE,3362.25,3099,3362.5,376
11:51:58,SP-FUTURE,2914.0,1204,2914.25,365
11:51:58,ESX-FUTURE,3362.5,999,3362.75,2476
11:51:59,SP-FUTURE,2914.0,1495,2914.25,74
11:51:59,SP-FUTURE,2914.0,1476,2914.25,93
11:51:59,ESX-FUTURE,3362.5,1104,3362.75,2371
11:52:00,SP-FUTURE,2913.5,181,2913.75,1388
11:52:00,ESX-FUTURE,3362.5,1331,3362.75,2144
11:52:01,SP-FUTURE,2913.5,642,2913.75,927
11:52:01,ESX-FUTURE,3362.5,253,3362.75,3222
11:52:02,ESX-FUTURE,3361.5,2799,3361.75,676
11:52:02,SP-FUTURE,2913.0,1552,2913.25,17
11:52:03,ESX-FUTURE,3361.5,2524,3361.75,951
11:52:03,SP-FUTURE,2910.5,1505,2910.75,64
11:52:04,SP-FUTURE,2910.5,1425,2910.75,144
11:52:04,ESX-FUTURE,3361.5,2377,3361.75,1098
11:52:05,SP-FUTURE,2908.0,594,2908.25,975
11:52:05,ESX-FUTURE,3361.75,1672,3362.0,1803
11:52:06,ESX-FUTURE,3361.75,1925,3362.0,1550
11:52:06,SP-FUTURE,2906.0,1105,2906.25,464
11:52:06,ESX-FUTURE,3362.25,370,3362.5,3105
11:52:07,SP-FUTURE,2906.0,1072,2906.25,497
11:52:07,ESX-FUTURE,3362.25,1833,3362.5,1642
11:52:09,ESX-FUTURE,3362.25,1466,3362.5,2009
11:52:09,SP-FUTURE,2906.0,1005,2906.25,564
11:52:09,ESX-FUTURE,3362.25,1606,3362.5,1869
11:52:09,SP-FUTURE,2905.25,533,2905.5,1036
11:52:09,SP-FUTURE,2905.25,1407,2905.5,162
11:52:10,ESX-FUTURE,3361.75,1018,3362.0,2457
11:52:11,ESX-FUTURE,3361.75,825,3362.0,2650
11:52:11,SP-FUTURE,2905.25,917,2905.5,652
11:52:12,ESX-FUTURE,3361.75,1355,3362.0,2120
11:52:12,SP-FUTURE,2905.0,306,2905.25,1263
11:52:13,ESX-FUTURE,3364.0,1378,3364.25,2097
11:52:14,SP-FUTURE,2904.75,1144,2905.0,425
11:52:14,ESX-FUTURE,3364.0,1496,3364.25,1979
11:52:15,SP-FUTURE,2904.75,1255,2905.0,314
11:52:15,ESX-FUTURE,3364.0,1093,3364.25,2382
11:52:17,SP-FUTURE,2904.75,892,2905.0,677
11:52:17,ESX-FUTURE,3363.75,2431,3364.0,1044
11:52:17,SP-FUTURE,2905.25,1116,2905.5,453
11:52:18,ESX-FUTURE,3363.75,2528,3364.0,947
11:52:18,SP-FUTURE,2905.5,653,2905.75,916
11:52:19,ESX-FUTURE,3363.75,1793,3364.0,1682
11:52:20,SP-FUTURE,2905.5,315,2905.75,1254
11:52:20,ESX-FUTURE,3363.5,2707,3363.75,768
11:52:21,SP-FUTURE,2905.5,337,2905.75,1232
11:52:21,ESX-FUTURE,3363.5,1914,3363.75,1561
11:52:21,ESX-FUTURE,3363.25,1170,3363.5,2305
11:52:22,SP-FUTURE,2905.75,1164,2906.0,405
11:52:23,SP-FUTURE,2905.5,1051,2905.75,518
11:52:23,ESX-FUTURE,3363.25,2024,3363.5,1451
11:52:23,ESX-FUTURE,3363.0,1477,3363.25,1998
11:52:24,SP-FUTURE,2904.75,1266,2905.0,303
11:52:24,SP-FUTURE,2904.75,1167,2905.0,402
11:52:25,ESX-FUTURE,3363.0,1306,3363.25,2169
11:52:26,SP-FUTURE,2904.75,1562,2905.0,7
11:52:26,ESX-FUTURE,3363.0,1308,3363.25,2167
11:52:27,ESX-FUTURE,3363.0,1184,3363.25,2291
11:52:27,SP-FUTURE,2904.5,860,2904.75,709
11:52:28,ESX-FUTURE,3363.25,1198,3363.5,2277
11:52:28,SP-FUTURE,2904.5,511,2904.75,1058
11:52:29,ESX-FUTURE,3364.25,29,3364.5,3446
11:52:30,ESX-FUTURE,3364.0,2732,3364.25,743
11:52:30,SP-FUTURE,2904.5,555,2904.75,1014
11:52:30,SP-FUTURE,2902.25,1466,2902.5,103
11:52:31,SP-FUTURE,2901.75,317,2902.0,1252
11:52:31,ESX-FUTURE,3364.0,481,3364.25,2994
11:52:33,SP-FUTURE,2901.75,953,2902.0,616
11:52:34,ESX-FUTURE,3364.0,987,3364.25,2488
11:52:34,SP-FUTURE,2901.5,644,2901.75,925
11:52:34,ESX-FUTURE,3363.25,2555,3363.5,920
11:52:35,SP-FUTURE,2901.5,632,2901.75,937
11:52:35,ESX-FUTURE,3362.75,3321,3363.0,154
11:52:36,SP-FUTURE,2901.25,1451,2901.5,118
11:52:36,SP-FUTURE,2901.25,1450,2901.5,119
11:52:36,ESX-FUTURE,3362.75,3175,3363.0,300
11:52:37,SP-FUTURE,2900.5,53,2900.75,1516
11:52:38,ESX-FUTURE,3362.75,3163,3363.0,312
11:52:38,SP-FUTURE,2900.25,639,2900.5,930
11:52:38,SP-FUTURE,2900.0,788,2900.25,781
11:52:39,SP-FUTURE,2900.0,793,2900.25,776
11:52:39,SP-FUTURE,2900.0,1162,2900.25,407
11:52:39,ESX-FUTURE,3362.5,1805,3362.75,1670
11:52:39,ESX-FUTURE,3362.5,1301,3362.75,2174
11:52:41,SP-FUTURE,2899.75,1020,2900.0,549
11:52:41,SP-FUTURE,2901.5,891,2901.75,678
11:52:41,ESX-FUTURE,3362.5,1091,3362.75,2384
11:52:42,SP-FUTURE,2901.75,347,2902.0,1222
11:52:42,ESX-FUTURE,3362.5,1927,3362.75,1548
11:52:43,SP-FUTURE,2901.0,1217,2901.25,352
11:52:44,ESX-FUTURE,3362.5,2526,3362.75,949
11:52:44,SP-FUTURE,2901.0,1539,2901.25,30
11:52:45,SP-FUTURE,2901.5,809,2901.75,760
11:52:45,SP-FUTURE,2900.5,563,2900.75,1006
11:52:46,ESX-FUTURE,3362.0,155,3362.25,3320
11:52:46,SP-FUTURE,2900.5,444,2900.75,1125
11:52:46,SP-FUTURE,2900.5,433,2900.75,1136
11:52:47,SP-FUTURE,2900.75,207,2901.0,1362
11:52:47,ESX-FUTURE,3362.0,182,3362.25,3293
11:52:48,SP-FUTURE,2900.75,183,2901.0,1386
11:52:48,ESX-FUTURE,3362.0,1217,3362.25,2258
11:52:48,SP-FUTURE,2901.5,1210,2901.75,359
11:52:49,SP-FUTURE,2902.0,643,2902.25,926
11:52:49,ESX-FUTURE,3362.0,1231,3362.25,2244
11:52:50,SP-FUTURE,2902.25,65,2902.5,1504
11:52:51,ESX-FUTURE,3362.0,1119,3362.25,2356
11:52:51,SP-FUTURE,2902.0,96,2902.25,1473
11:52:52,SP-FUTURE,2901.75,401,2902.0,1168
11:52:52,ESX-FUTURE,3362.0,614,3362.25,2861
11:52:52,ESX-FUTURE,3361.75,2667,3362.0,808
11:52:52,SP-FUTURE,2901.5,1465,2901.75,104
11:52:53,SP-FUTURE,2901.0,995,2901.25,574
11:52:53,ESX-FUTURE,3361.5,2085,3361.75,1390
11:52:54,SP-FUTURE,2901.75,1060,2902.0,509
11:52:54,ESX-FUTURE,3359.75,2321,3360.0,1154
11:52:56,SP-FUTURE,2902.25,486,2902.5,1083
11:52:56,ESX-FUTURE,3360.0,629,3360.25,2846
11:52:57,ESX-FUTURE,3359.75,2798,3360.0,677
11:52:57,SP-FUTURE,2902.25,700,2902.5,869
11:52:58,ESX-FUTURE,3359.75,2397,3360.0,1078
11:52:58,SP-FUTURE,2901.5,1461,2901.75,108
11:52:59,ESX-FUTURE,3359.75,2861,3360.0,614
11:52:59,SP-FUTURE,2901.75,166,2902.0,1403
11:53:00,SP-FUTURE,2901.75,144,2902.0,1425
11:53:01,ESX-FUTURE,3359.75,1932,3360.0,1543
11:53:02,SP-FUTURE,2901.0,709,2901.25,860
11:53:02,ESX-FUTURE,3360.5,801,3360.75,2674
11:53:03,SP-FUTURE,2901.0,542,2901.25,1027
11:53:03,ESX-FUTURE,3360.75,183,3361.0,3292
11:53:04,ESX-FUTURE,3360.75,1513,3361.0,1962
11:53:04,SP-FUTURE,2901.25,855,2901.5,714
11:53:05,ESX-FUTURE,3361.25,975,3361.5,2500
11:53:05,SP-FUTURE,2904.0,1415,2904.25,154
11:53:05,ESX-FUTURE,3361.25,307,3361.5,3168
11:53:06,ESX-FUTURE,3361.25,793,3361.5,2682
11:53:06,SP-FUTURE,2904.0,828,2904.25,741
11:53:06,ESX-FUTURE,3361.25,824,3361.5,2651
11:53:08,SP-FUTURE,2904.0,866,2904.25,703
11:53:08,ESX-FUTURE,3361.25,1199,3361.5,2276
11:53:08,SP-FUTURE,2903.5,1341,2903.75,228
11:53:10,ESX-FUTURE,3361.25,2239,3361.5,1236
11:53:10,SP-FUTURE,2904.5,1260,2904.75,309
11:53:10,ESX-FUTURE,3361.0,964,3361.25,2511
11:53:11,SP-FUTURE,2904.5,1035,2904.75,534
11:53:12,ESX-FUTURE,3361.0,1588,3361.25,1887
11:53:13,ESX-FUTURE,3361.5,3216,3361.75,259
11:53:13,SP-FUTURE,2904.5,1116,2904.75,453
11:53:14,SP-FUTURE,2904.5,1257,2904.75,312
11:53:14,ESX-FUTURE,3361.75,498,3362.0,2977
11:53:15,SP-FUTURE,2904.5,1176,2904.75,393
11:53:15,ESX-FUTURE,3361.75,586,3362.0,2889
11:53:15,SP-FUTURE,2904.5,1088,2904.75,481
11:53:16,ESX-FUTURE,3361.75,552,3362.0,2923
11:53:17,SP-FUTURE,2908.25,65,2908.5,1504
11:53:17,ESX-FUTURE,3361.75,547,3362.0,2928
11:53:18,SP-FUTURE,2908.0,1129,2908.25,440
11:53:18,ESX-FUTURE,3361.5,3160,3361.75,315
11:53:19,SP-FUTURE,2908.0,1341,2908.25,228
11:53:20,SP-FUTURE,2908.0,776,2908.25,793
11:53:20,ESX-FUTURE,3361.25,2493,3361.5,982
11:53:21,SP-FUTURE,2907.75,256,2908.0,1313
11:53:22,ESX-FUTURE,3361.5,1408,3361.75,2067
11:53:22,SP-FUTURE,2907.75,357,2908.0,1212
11:53:22,ESX-FUTURE,3361.75,3297,3362.0,178
11:53:23,SP-FUTURE,2907.75,385,2908.0,1184
11:53:24,ESX-FUTURE,3361.75,1556,3362.0,1919
11:53:24,ESX-FUTURE,3361.75,774,3362.0,2701
11:53:24,ESX-FUTURE,3361.5,1105,3361.75,2370
11:53:25,SP-FUTURE,2907.5,891,2907.75,678
11:53:26,ESX-FUTURE,3361.75,1745,3362.0,1730
11:53:26,ESX-FUTURE,3362.0,2521,3362.25,954
11:53:26,SP-FUTURE,2907.5,852,2907.75,717
11:53:27,SP-FUTURE,2907.75,1406,2908.0,163
11:53:27,SP-FUTURE,2908.0,304,2908.25,1265
11:53:27,SP-FUTURE,2907.5,1413,2907.75,156
11:53:28,ESX-FUTURE,3362.0,2943,3362.25,532
11:53:28,SP-FUTURE,2907.75,729,2908.0,840
11:53:29,ESX-FUTURE,3362.0,2549,3362.25,926
11:53:29,SP-FUTURE,2904.75,1213,2905.0,356
11:53:30,ESX-FUTURE,3362.0,2640,3362.25,835
11:53:30,SP-FUTURE,2904.5,35,2904.75,1534
11:53:30,ESX-FUTURE,3362.0,2637,3362.25,838
11:53:31,SP-FUTURE,2901.5,1225,2901.75,344
11:53:32,ESX-FUTURE,3362.0,3287,3362.25,188
11:53:32,SP-FUTURE,2901.5,1268,2901.75,301
11:53:33,ESX-FUTURE,3362.25,1817,3362.5,1658
11:53:33,SP-FUTURE,2901.75,1270,2902.0,299
11:53:34,ESX-FUTURE,3362.5,1901,3362.75,1574
11:53:35,SP-FUTURE,2901.75,1103,2902.0,466
11:53:35,ESX-FUTURE,3362.5,1349,3362.75,2126
11:53:36,SP-FUTURE,2902.75,485,2903.0,1084
11:53:36,ESX-FUTURE,3362.5,1344,3362.75,2131
11:53:36,SP-FUTURE,2902.25,575,2902.5,994
11:53:37,ESX-FUTURE,3362.5,1795,3362.75,1680
11:53:37,SP-FUTURE,2902.25,1168,2902.5,401
11:53:38,SP-FUTURE,2901.25,1160,2901.5,409
11:53:38,ESX-FUTURE,3362.5,2684,3362.75,791
11:53:39,SP-FUTURE,2901.75,182,2902.0,1387
11:53:39,ESX-FUTURE,3362.5,2675,3362.75,800
11:53:40,SP-FUTURE,2901.75,184,2902.0,1385
11:53:40,SP-FUTURE,2901.5,1517,2901.75,52
11:53:40,ESX-FUTURE,3362.5,2518,3362.75,957
11:53:41,ESX-FUTURE,3362.5,2662,3362.75,813
11:53:42,SP-FUTURE,2901.75,1019,2902.0,550
11:53:42,ESX-FUTURE,3362.75,72,3363.0,3403
11:53:43,ESX-FUTURE,3362.25,2165,3362.5,1310
11:53:43,SP-FUTURE,2901.75,941,2902.0,628
11:53:44,ESX-FUTURE,3362.0,3467,3362.25,8
11:53:45,SP-FUTURE,2901.75,942,2902.0,627
11:53:45,ESX-FUTURE,3362.25,2465,3362.5,1010
11:53:46,SP-FUTURE,2902.25,540,2902.5,1029
11:53:46,ESX-FUTURE,3362.75,1052,3363.0,2423
11:53:47,SP-FUTURE,2902.5,101,2902.75,1468
11:53:47,SP-FUTURE,2902.5,327,2902.75,1242
11:53:47,ESX-FUTURE,3363.0,2,3363.25,3473
11:53:48,ESX-FUTURE,3363.25,1859,3363.5,1616
11:53:48,SP-FUTURE,2902.5,79,2902.75,1490
11:53:48,ESX-FUTURE,3363.25,1867,3363.5,1608
11:53:49,SP-FUTURE,2902.5,74,2902.75,1495
11:53:49,ESX-FUTURE,3363.25,1520,3363.5,1955
11:53:50,SP-FUTURE,2902.5,525,2902.75,1044
11:53:51,ESX-FUTURE,3365.0,742,3365.25,2733
11:53:51,SP-FUTURE,2902.5,294,2902.75,1275
11:53:52,SP-FUTURE,2902.25,734,2902.5,835
11:53:53,ESX-FUTURE,3365.0,755,3365.25,2720
11:53:53,ESX-FUTURE,3364.5,993,3364.75,2482
11:53:53,SP-FUTURE,2902.25,963,2902.5,606
11:53:54,ESX-FUTURE,3364.5,2576,3364.75,899
11:53:54,SP-FUTURE,2902.0,1344,2902.25,225
11:53:55,SP-FUTURE,2901.25,469,2901.5,1100
11:53:55,ESX-FUTURE,3365.0,435,3365.25,3040
11:53:56,ESX-FUTURE,3365.0,2310,3365.25,1165
11:53:57,SP-FUTURE,2901.75,22,2902.0,1547
11:53:57,ESX-FUTURE,3365.0,2533,3365.25,942
11:53:58,SP-FUTURE,2901.5,300,2901.75,1269
11:53:58,SP-FUTURE,2901.5,921,2901.75,648
11:53:59,SP-FUTURE,2901.25,361,2901.5,1208
11:53:59,ESX-FUTURE,3365.0,1855,3365.25,1620
11:54:00,SP-FUTURE,2902.0,66,2902.25,1503
11:54:00,ESX-FUTURE,3365.0,1883,3365.25,1592
11:54:01,ESX-FUTURE,3365.25,1449,3365.5,2026
11:54:02,SP-FUTURE,2902.0,1036,2902.25,533
11:54:02,SP-FUTURE,2902.75,110,2903.0,1459
11:54:03,ESX-FUTURE,3365.25,1874,3365.5,1601
11:54:03,SP-FUTURE,2902.25,1204,2902.5,365
11:54:04,ESX-FUTURE,3365.25,1768,3365.5,1707
11:54:04,SP-FUTURE,2903.25,395,2903.5,1174
11:54:04,ESX-FUTURE,3365.25,1522,3365.5,1953
11:54:05,SP-FUTURE,2903.0,631,2903.25,938
11:54:06,SP-FUTURE,2905.0,385,2905.25,1184
11:54:07,ESX-FUTURE,3365.25,2772,3365.5,703
11:54:07,SP-FUTURE,2904.0,226,2904.25,1343
11:54:08,SP-FUTURE,2903.0,915,2903.25,654
11:54:09,ESX-FUTURE,3365.0,2937,3365.25,538
11:54:09,SP-FUTURE,2902.25,269,2902.5,1300
11:54:10,ESX-FUTURE,3365.0,735,3365.25,2740
11:54:10,ESX-FUTURE,3367.25,2129,3367.5,1346
11:54:11,ESX-FUTURE,3367.25,2472,3367.5,1003
11:54:11,SP-FUTURE,2901.25,691,2901.5,878
11:54:11,SP-FUTURE,2901.25,844,2901.5,725
11:54:11,ESX-FUTURE,3368.0,1045,3368.25,2430
11:54:12,ESX-FUTURE,3366.75,1302,3367.0,2173
11:54:12,SP-FUTURE,2900.75,78,2901.0,1491
11:54:13,SP-FUTURE,2900.75,743,2901.0,826
11:54:13,ESX-FUTURE,3366.5,2973,3366.75,502
11:54:14,SP-FUTURE,2900.75,1362,2901.0,207
11:54:15,ESX-FUTURE,3366.5,3029,3366.75,446
11:54:15,ESX-FUTURE,3366.5,3181,3366.75,294
11:54:15,ESX-FUTURE,3366.0,401,3366.25,3074
11:54:16,SP-FUTURE,2900.75,1334,2901.0,235
11:54:17,ESX-FUTURE,3365.75,1124,3366.0,2351
11:54:18,SP-FUTURE,2902.25,703,2902.5,866
11:54:19,ESX-FUTURE,3365.0,3136,3365.25,339
11:54:19,SP-FUTURE,2902.25,191,2902.5,1378
11:54:20,ESX-FUTURE,3365.0,3100,3365.25,375
11:54:20,SP-FUTURE,2902.25,207,2902.5,1362
11:54:21,SP-FUTURE,2902.0,1119,2902.25,450
11:54:22,ESX-FUTURE,3365.0,3407,3365.25,68
11:54:22,SP-FUTURE,2902.0,1067,2902.25,502
11:54:23,ESX-FUTURE,3365.25,1017,3365.5,2458
11:54:24,SP-FUTURE,2902.0,607,2902.25,962
11:54:24,ESX-FUTURE,3365.0,1405,3365.25,2070
11:54:24,SP-FUTURE,2902.0,1003,2902.25,566
11:54:25,SP-FUTURE,2902.0,882,2902.25,687
11:54:26,ESX-FUTURE,3364.5,1609,3364.75,1866
11:54:26,ESX-FUTURE,3364.5,1144,3364.75,2331
11:54:27,SP-FUTURE,2902.0,897,2902.25,672
11:54:27,ESX-FUTURE,3364.5,2400,3364.75,1075
11:54:29,SP-FUTURE,2902.25,655,2902.5,914
11:54:29,ESX-FUTURE,3364.5,2531,3364.75,944
11:54:29,SP-FUTURE,2902.0,436,2902.25,1133
11:54:29,ESX-FUTURE,3365.0,1014,3365.25,2461
11:54:29,SP-FUTURE,2902.25,1160,2902.5,409
11:54:30,SP-FUTURE,2902.75,936,2903.0,633
11:54:30,SP-FUTURE,2902.25,1513,2902.5,56
11:54:31,ESX-FUTURE,3362.0,2259,3362.25,1216
11:54:31,ESX-FUTURE,3362.0,1826,3362.25,1649
11:54:32,SP-FUTURE,2904.0,77,2904.25,1492
11:54:32,ESX-FUTURE,3362.0,1783,3362.25,1692
11:54:32,ESX-FUTURE,3362.0,1704,3362.25,1771
11:54:33,SP-FUTURE,2903.25,1340,2903.5,229
11:54:33,ESX-FUTURE,3362.0,1923,3362.25,1552
11:54:34,SP-FUTURE,2904.5,1202,2904.75,367
11:54:34,ESX-FUTURE,3362.25,89,3362.5,3386
11:54:35,SP-FUTURE,2904.5,1225,2904.75,344
11:54:36,ESX-FUTURE,3361.75,1036,3362.0,2439
11:54:37,SP-FUTURE,2906.5,385,2906.75,1184
11:54:37,ESX-FUTURE,3361.75,172,3362.0,3303
11:54:38,ESX-FUTURE,3361.5,2719,3361.75,756
11:54:38,SP-FUTURE,2906.25,240,2906.5,1329
11:54:39,ESX-FUTURE,3361.5,796,3361.75,2679
11:54:39,SP-FUTURE,2906.0,1320,2906.25,249
11:54:39,ESX-FUTURE,3361.5,2019,3361.75,1456
11:54:40,ESX-FUTURE,3361.75,331,3362.0,3144
11:54:40,SP-FUTURE,2907.5,306,2907.75,1263
11:54:41,SP-FUTURE,2907.5,473,2907.75,1096
11:54:41,ESX-FUTURE,3361.75,2184,3362.0,1291
11:54:42,ESX-FUTURE,3361.5,2971,3361.75,504
11:54:42,SP-FUTURE,2903.75,944,2904.0,625
11:54:43,SP-FUTURE,2903.75,488,2904.0,1081
11:54:43,SP-FUTURE,2903.75,510,2904.0,1059
11:54:43,SP-FUTURE,2903.5,1281,2903.75,288
11:54:43,ESX-FUTURE,3361.75,2561,3362.0,914
11:54:44,SP-FUTURE,2904.25,512,2904.5,1057
11:54:44,ESX-FUTURE,3363.0,362,3363.25,3113
11:54:45,SP-FUTURE,2904.25,480,2904.5,1089
11:54:45,ESX-FUTURE,3363.5,2577,3363.75,898
11:54:46,SP-FUTURE,2904.0,1161,2904.25,408
11:54:47,ESX-FUTURE,3363.5,1545,3363.75,1930
11:54:47,ESX-FUTURE,3363.5,2445,3363.75,1030
11:54:47,SP-FUTURE,2904.0,1176,2904.25,393
11:54:48,SP-FUTURE,2904.25,880,2904.5,689
11:54:48,SP-FUTURE,2904.25,593,2904.5,976
11:54:49,ESX-FUTURE,3363.25,639,3363.5,2836
11:54:49,ESX-FUTURE,3363.25,719,3363.5,2756
11:54:49,SP-FUTURE,2904.25,277,2904.5,1292
11:54:50,ESX-FUTURE,3363.25,713,3363.5,2762
11:54:50,SP-FUTURE,2905.75,970,2906.0,599
11:54:51,SP-FUTURE,2906.25,91,2906.5,1478
11:54:52,ESX-FUTURE,3363.25,635,3363.5,2840
11:54:52,SP-FUTURE,2906.5,374,2906.75,1195
11:54:52,SP-FUTURE,2906.5,696,2906.75,873
11:54:53,ESX-FUTURE,3363.75,620,3364.0,2855
11:54:53,SP-FUTURE,2907.0,930,2907.25,639
11:54:54,ESX-FUTURE,3364.0,807,3364.25,2668
11:54:54,SP-FUTURE,2906.75,1537,2907.0,32
11:54:55,SP-FUTURE,2906.5,1198,2906.75,371
11:54:55,ESX-FUTURE,3364.0,622,3364.25,2853
11:54:55,SP-FUTURE,2907.0,1105,2907.25,464
11:54:56,SP-FUTURE,2907.0,896,2907.25,673
11:54:56,ESX-FUTURE,3364.0,1804,3364.25,1671
11:54:57,ESX-FUTURE,3364.0,3210,3364.25,265
11:54:57,SP-FUTURE,2906.5,954,2906.75,615
11:54:57,ESX-FUTURE,3364.0,97,3364.25,3378
11:54:58,ESX-FUTURE,3364.75,317,3365.0,3158
11:54:58,ESX-FUTURE,3364.75,1698,3365.0,1777
11:54:58,SP-FUTURE,2906.5,1056,2906.75,513
11:54:59,ESX-FUTURE,3364.75,1442,3365.0,2033
11:55:00,SP-FUTURE,2906.0,1201,2906.25,368
11:55:01,SP-FUTURE,2906.5,1416,2906.75,153
11:55:01,ESX-FUTURE,3364.0,1931,3364.25,1544
11:55:01,SP-FUTURE,2904.75,301,2905.0,1268
11:55:01,ESX-FUTURE,3365.5,2387,3365.75,1088
11:55:02,ESX-FUTURE,3365.5,2223,3365.75,1252
11:55:02,SP-FUTURE,2904.25,1237,2904.5,332
11:55:03,ESX-FUTURE,3364.75,3205,3365.0,270
11:55:03,SP-FUTURE,2904.25,812,2904.5,757
11:55:04,SP-FUTURE,2904.25,1089,2904.5,480
11:55:04,ESX-FUTURE,3364.75,3434,3365.0,41
11:55:06,ESX-FUTURE,3364.25,3077,3364.5,398
11:55:06,SP-FUTURE,2904.25,1496,2904.5,73
11:55:06,ESX-FUTURE,3364.25,3051,3364.5,424
11:55:07,SP-FUTURE,2904.5,173,2904.75,1396
11:55:07,ESX-FUTURE,3364.25,1473,3364.5,2002
11:55:08,ESX-FUTURE,3364.25,1575,3364.5,1900
11:55:09,SP-FUTURE,2904.25,604,2904.5,965
11:55:10,SP-FUTURE,2904.75,232,2905.0,1337
11:55:10,ESX-FUTURE,3364.25,1788,3364.5,1687
11:55:11,SP-FUTURE,2903.75,930,2904.0,639
11:55:12,SP-FUTURE,2905.25,1395,2905.5,174
11:55:12,ESX-FUTURE,3364.0,1407,3364.25,2068
11:55:12,ESX-FUTURE,3364.0,1517,3364.25,1958
11:55:13,SP-FUTURE,2905.0,437,2905.25,1132
11:55:14,SP-FUTURE,2904.75,300,2905.0,1269
11:55:14,ESX-FUTURE,3364.0,1999,3364.25,1476
11:55:15,ESX-FUTURE,3364.0,1793,3364.25,1682
11:55:15,SP-FUTURE,2903.75,1283,2904.0,286
11:55:15,SP-FUTURE,2903.75,769,2904.0,800
11:55:16,SP-FUTURE,2904.25,659,2904.5,910
11:55:16,ESX-FUTURE,3364.0,1921,3364.25,1554
11:55:17,ESX-FUTURE,3365.0,483,3365.25,2992
11:55:18,SP-FUTURE,2904.25,770,2904.5,799
11:55:18,ESX-FUTURE,3365.0,1197,3365.25,2278
11:55:19,SP-FUTURE,2904.0,825,2904.25,744
11:55:20,ESX-FUTURE,3365.0,3085,3365.25,390
11:55:20,ESX-FUTURE,3365.0,2542,3365.25,933
11:55:20,SP-FUTURE,2904.75,179,2905.0,1390
11:55:21,ESX-FUTURE,3365.0,3358,3365.25,117
11:55:21,ESX-FUTURE,3365.25,2335,3365.5,1140
11:55:21,SP-FUTURE,2904.5,1415,2904.75,154
11:55:22,SP-FUTURE,2904.5,1323,2904.75,246
11:55:22,SP-FUTURE,2904.25,704,2904.5,865
11:55:22,ESX-FUTURE,3365.25,2010,3365.5,1465
11:55:22,SP-FUTURE,2903.75,340,2904.0,1229
11:55:24,SP-FUTURE,2903.5,695,2903.75,874
11:55:24,ESX-FUTURE,3365.25,1411,3365.5,2064
11:55:25,ESX-FUTURE,3365.5,1764,3365.75,1711
11:55:25,SP-FUTURE,2903.5,587,2903.75,982
11:55:25,ESX-FUTURE,3365.5,1173,3365.75,2302
11:55:26,ESX-FUTURE,3364.75,1673,3365.0,1802
11:55:26,SP-FUTURE,2903.75,1071,2904.0,498
11:55:26,ESX-FUTURE,3364.25,764,3364.5,2711
11:55:27,ESX-FUTURE,3364.25,929,3364.5,2546
11:55:27,SP-FUTURE,2904.0,316,2904.25,1253
11:55:28,ESX-FUTURE,3364.25,245,3364.5,3230
11:55:29,ESX-FUTURE,3364.0,1937,3364.25,1538
11:55:29,SP-FUTURE,2904.0,630,2904.25,939
11:55:30,SP-FUTURE,2904.25,353,2904.5,1216
11:55:30,SP-FUTURE,2904.25,213,2904.5,1356
11:55:30,SP-FUTURE,2904.0,1434,2904.25,135
11:55:31,ESX-FUTURE,3364.0,1131,3364.25,2344
11:55:31,SP-FUTURE,2906.75,354,2907.0,1215
11:55:32,SP-FUTURE,2907.0,1508,2907.25,61
11:55:33,ESX-FUTURE,3364.0,1045,3364.25,2430
11:55:33,ESX-FUTURE,3364.0,1041,3364.25,2434
11:55:33,SP-FUTURE,2907.0,780,2907.25,789
11:55:34,ESX-FUTURE,3364.25,857,3364.5,2618
11:55:34,SP-FUTURE,2907.25,1194,2907.5,375
11:55:36,ESX-FUTURE,3364.25,3347,3364.5,128
11:55:36,SP-FUTURE,2903.0,447,2903.25,1122
11:55:36,ESX-FUTURE,3364.0,2980,3364.25,495
11:55:36,ESX-FUTURE,3365.0,252,3365.25,3223
11:55:36,SP-FUTURE,2903.0,584,2903.25,985
11:55:37,ESX-FUTURE,3364.5,2986,3364.75,489
11:55:37,SP-FUTURE,2903.0,583,2903.25,986
11:55:37,ESX-FUTURE,3364.5,2130,3364.75,1345
11:55:38,ESX-FUTURE,3364.5,668,3364.75,2807
11:55:38,SP-FUTURE,2903.25,1027,2903.5,542
11:55:39,SP-FUTURE,2903.25,734,2903.5,835
11:55:40,ESX-FUTURE,3364.5,3458,3364.75,17
11:55:40,ESX-FUTURE,3364.5,3439,3364.75,36
11:55:41,SP-FUTURE,2903.25,744,2903.5,825
11:55:41,ESX-FUTURE,3365.0,2820,3365.25,655
11:55:42,SP-FUTURE,2903.5,168,2903.75,1401
11:55:42,ESX-FUTURE,3365.25,1845,3365.5,1630
11:55:43,ESX-FUTURE,3365.25,1167,3365.5,2308
11:55:43,SP-FUTURE,2904.25,512,2904.5,1057
11:55:45,ESX-FUTURE,3365.5,331,3365.75,3144
11:55:45,SP-FUTURE,2904.25,453,2904.5,1116
11:55:45,SP-FUTURE,2904.25,269,2904.5,1300
11:55:46,ESX-FUTURE,3365.5,192,3365.75,3283
11:55:46,SP-FUTURE,2904.25,299,2904.5,1270
11:55:47,SP-FUTURE,2904.25,139,2904.5,1430
11:55:47,ESX-FUTURE,3365.5,1144,3365.75,2331
11:55:48,ESX-FUTURE,3365.5,2171,3365.75,1304
11:55:48,SP-FUTURE,2904.5,155,2904.75,1414
11:55:49,SP-FUTURE,2904.25,1154,2904.5,415
11:55:49,ESX-FUTURE,3365.5,1819,3365.75,1656
11:55:50,SP-FUTURE,2905.75,1348,2906.0,221
11:55:50,ESX-FUTURE,3365.5,2926,3365.75,549
11:55:51,ESX-FUTURE,3365.5,3195,3365.75,280
11:55:51,SP-FUTURE,2905.75,958,2906.0,611
11:55:52,ESX-FUTURE,3365.5,1922,3365.75,1553
11:55:52,SP-FUTURE,2905.75,707,2906.0,862
11:55:53,ESX-FUTURE,3365.5,361,3365.75,3114
11:55:53,SP-FUTURE,2905.75,517,2906.0,1052
11:55:54,SP-FUTURE,2906.0,165,2906.25,1404
11:55:55,ESX-FUTURE,3365.75,3104,3366.0,371
11:55:55,SP-FUTURE,2906.0,160,2906.25,1409
11:55:55,ESX-FUTURE,3365.75,3020,3366.0,455
11:55:57,SP-FUTURE,2906.0,375,2906.25,1194
11:55:57,ESX-FUTURE,3366.0,2391,3366.25,1084
11:55:58,ESX-FUTURE,3366.25,739,3366.5,2736
11:55:58,SP-FUTURE,2906.0,1317,2906.25,252
11:55:59,ESX-FUTURE,3365.25,958,3365.5,2517
11:56:00,SP-FUTURE,2906.0,1315,2906.25,254
11:56:00,ESX-FUTURE,3365.25,1418,3365.5,2057
11:56:01,SP-FUTURE,2906.5,1527,2906.75,42
11:56:01,ESX-FUTURE,3365.25,751,3365.5,2724
11:56:02,ESX-FUTURE,3365.25,496,3365.5,2979
11:56:02,SP-FUTURE,2906.5,282,2906.75,1287
11:56:03,SP-FUTURE,2906.25,1029,2906.5,540
11:56:04,ESX-FUTURE,3365.5,1818,3365.75,1657
11:56:05,SP-FUTURE,2906.75,305,2907.0,1264
11:56:05,ESX-FUTURE,3365.25,2154,3365.5,1321
11:56:06,ESX-FUTURE,3365.5,853,3365.75,2622
11:56:06,SP-FUTURE,2907.0,8,2907.25,1561
11:56:07,SP-FUTURE,2907.25,1319,2907.5,250
11:56:07,ESX-FUTURE,3365.5,82,3365.75,3393
11:56:09,SP-FUTURE,2907.25,1331,2907.5,238
11:56:09,ESX-FUTURE,3363.0,1004,3363.25,2471
11:56:10,SP-FUTURE,2907.25,1312,2907.5,257
11:56:11,ESX-FUTURE,3362.75,1156,3363.0,2319
11:56:11,SP-FUTURE,2907.5,701,2907.75,868
11:56:11,ESX-FUTURE,3364.0,918,3364.25,2557
11:56:12,ESX-FUTURE,3364.25,162,3364.5,3313
11:56:12,SP-FUTURE,2907.5,664,2907.75,905
11:56:13,ESX-FUTURE,3364.25,1652,3364.5,1823
11:56:13,SP-FUTURE,2907.0,748,2907.25,821
11:56:13,ESX-FUTURE,3364.25,784,3364.5,2691
11:56:14,SP-FUTURE,2907.0,1041,2907.25,528
11:56:14,ESX-FUTURE,3364.25,870,3364.5,2605
11:56:15,ESX-FUTURE,3364.75,2386,3365.0,1089
11:56:15,SP-FUTURE,2905.75,1185,2906.0,384
11:56:15,ESX-FUTURE,3364.75,2662,3365.0,813
11:56:16,SP-FUTURE,2905.75,1228,2906.0,341
11:56:16,ESX-FUTURE,3364.75,2799,3365.0,676
11:56:17,ESX-FUTURE,3364.75,2896,3365.0,579
11:56:17,SP-FUTURE,2905.75,1405,2906.0,164
11:56:18,ESX-FUTURE,3364.75,673,3365.0,2802
11:56:18,SP-FUTURE,2907.0,790,2907.25,779
11:56:19,SP-FUTURE,2907.25,452,2907.5,1117
11:56:19,ESX-FUTURE,3364.75,559,3365.0,2916
11:56:20,SP-FUTURE,2907.5,92,2907.75,1477
11:56:20,ESX-FUTURE,3365.5,345,3365.75,3130
11:56:21,ESX-FUTURE,3365.25,3304,3365.5,171
11:56:21,ESX-FUTURE,3366.0,779,3366.25,2696
11:56:22,SP-FUTURE,2910.5,1215,2910.75,354
11:56:22,ESX-FUTURE,3365.75,3055,3366.0,420
11:56:23,SP-FUTURE,2910.5,1341,2910.75,228
11:56:24,ESX-FUTURE,3365.75,1593,3366.0,1882
11:56:24,SP-FUTURE,2910.5,160,2910.75,1409
11:56:25,ESX-FUTURE,3365.75,1371,3366.0,2104
11:56:25,ESX-FUTURE,3365.75,1266,3366.0,2209
11:56:26,SP-FUTURE,2910.25,1461,2910.5,108
11:56:26,ESX-FUTURE,3365.75,316,3366.0,3159
11:56:26,SP-FUTURE,2910.5,1226,2910.75,343
11:56:27,SP-FUTURE,2910.5,1135,2910.75,434
11:56:28,ESX-FUTURE,3365.25,3376,3365.5,99
11:56:28,ESX-FUTURE,3365.5,226,3365.75,3249
11:56:29,SP-FUTURE,2910.75,254,2911.0,1315
11:56:29,ESX-FUTURE,3365.25,2186,3365.5,1289
11:56:29,SP-FUTURE,2910.75,493,2911.0,1076
11:56:30,ESX-FUTURE,3365.25,3015,3365.5,460
11:56:30,SP-FUTURE,2910.75,412,2911.0,1157
11:56:31,ESX-FUTURE,3365.25,2988,3365.5,487
11:56:31,SP-FUTURE,2910.75,962,2911.0,607
11:56:32,ESX-FUTURE,3366.0,3001,3366.25,474
11:56:32,ESX-FUTURE,3366.25,1425,3366.5,2050
11:56:33,SP-FUTURE,2910.75,1030,2911.0,539
11:56:34,ESX-FUTURE,3366.25,1720,3366.5,1755
11:56:34,SP-FUTURE,2912.0,607,2912.25,962
11:56:34,ESX-FUTURE,3366.0,2258,3366.25,1217
11:56:35,ESX-FUTURE,3366.0,212,3366.25,3263
11:56:35,SP-FUTURE,2912.5,923,2912.75,646
11:56:36,SP-FUTURE,2912.75,126,2913.0,1443
11:56:36,ESX-FUTURE,3365.5,2829,3365.75,646
11:56:37,SP-FUTURE,2912.75,213,2913.0,1356
11:56:37,ESX-FUTURE,3365.5,1803,3365.75,1672
11:56:37,SP-FUTURE,2911.5,468,2911.75,1101
11:56:38,ESX-FUTURE,3365.75,1208,3366.0,2267
11:56:38,SP-FUTURE,2911.5,1507,2911.75,62
11:56:39,SP-FUTURE,2911.75,491,2912.0,1078
11:56:39,SP-FUTURE,2912.5,1400,2912.75,169
11:56:40,SP-FUTURE,2914.5,83,2914.75,1486
11:56:40,ESX-FUTURE,3365.75,1030,3366.0,2445
11:56:40,SP-FUTURE,2914.5,40,2914.75,1529
11:56:41,ESX-FUTURE,3365.75,1030,3366.0,2445
11:56:41,SP-FUTURE,2914.25,1074,2914.5,495
11:56:42,SP-FUTURE,2914.25,1197,2914.5,372
11:56:42,ESX-FUTURE,3365.5,3245,3365.75,230
11:56:43,SP-FUTURE,2913.75,272,2914.0,1297
11:56:43,SP-FUTURE,2913.5,804,2913.75,765
11:56:44,ESX-FUTURE,3365.5,3294,3365.75,181
11:56:44,SP-FUTURE,2913.5,1129,2913.75,440
11:56:45,ESX-FUTURE,3365.5,2402,3365.75,1073
11:56:45,SP-FUTURE,2913.5,1069,2913.75,500
11:56:45,ESX-FUTURE,3365.5,2374,3365.75,1101
11:56:46,ESX-FUTURE,3365.75,524,3366.0,2951
11:56:47,ESX-FUTURE,3365.75,798,3366.0,2677
11:56:47,SP-FUTURE,2913.75,1359,2914.0,210
11:56:47,ESX-FUTURE,3365.75,477,3366.0,2998
11:56:48,SP-FUTURE,2913.75,966,2914.0,603
11:56:48,ESX-FUTURE,3365.5,3094,3365.75,381
11:56:49,SP-FUTURE,2913.75,1146,2914.0,423
11:56:49,SP-FUTURE,2913.75,1148,2914.0,421
11:56:50,ESX-FUTURE,3363.75,277,3364.0,3198
11:56:50,SP-FUTURE,2913.75,631,2914.0,938
11:56:51,SP-FUTURE,2913.75,481,2914.0,1088
11:56:52,SP-FUTURE,2914.0,1181,2914.25,388
11:56:52,ESX-FUTURE,3363.25,434,3363.5,3041
11:56:53,ESX-FUTURE,3362.5,3064,3362.75,411
11:56:53,ESX-FUTURE,3362.75,2596,3363.0,879
11:56:53,SP-FUTURE,2914.0,1348,2914.25,221
11:56:54,ESX-FUTURE,3363.0,547,3363.25,2928
11:56:55,SP-FUTURE,2914.0,970,2914.25,599
11:56:55,ESX-FUTURE,3362.5,2810,3362.75,665
11:56:55,SP-FUTURE,2913.0,630,2913.25,939
11:56:55,ESX-FUTURE,3363.5,1408,3363.75,2067
11:56:56,SP-FUTURE,2913.0,819,2913.25,750
11:56:57,SP-FUTURE,2913.0,1382,2913.25,187
11:56:57,ESX-FUTURE,3363.5,1874,3363.75,1601
11:56:58,ESX-FUTURE,3363.25,676,3363.5,2799
11:56:58,SP-FUTURE,2912.75,1470,2913.0,99
11:56:59,SP-FUTURE,2913.0,559,2913.25,1010
11:56:59,ESX-FUTURE,3363.25,1041,3363.5,2434
11:56:59,ESX-FUTURE,3363.5,1093,3363.75,2382
11:57:00,SP-FUTURE,2913.0,783,2913.25,786
11:57:01,ESX-FUTURE,3363.5,2908,3363.75,567
11:57:02,SP-FUTURE,2913.0,316,2913.25,1253
11:57:02,ESX-FUTURE,3363.75,1378,3364.0,2097
11:57:03,SP-FUTURE,2912.75,217,2913.0,1352
11:57:03,SP-FUTURE,2912.5,1495,2912.75,74
11:57:04,ESX-FUTURE,3363.5,3033,3363.75,442
11:57:04,SP-FUTURE,2912.5,524,2912.75,1045
11:57:04,ESX-FUTURE,3363.75,3442,3364.0,33
11:57:05,SP-FUTURE,2912.5,527,2912.75,1042
11:57:06,SP-FUTURE,2912.5,487,2912.75,1082
11:57:06,ESX-FUTURE,3363.25,2896,3363.5,579
11:57:07,SP-FUTURE,2912.5,733,2912.75,836
11:57:07,ESX-FUTURE,3363.75,54,3364.0,3421
11:57:08,ESX-FUTURE,3364.75,511,3365.0,2964
11:57:08,SP-FUTURE,2912.25,1379,2912.5,190
11:57:09,SP-FUTURE,2912.25,1246,2912.5,323
11:57:09,ESX-FUTURE,3364.5,345,3364.75,3130
11:57:10,ESX-FUTURE,3364.5,507,3364.75,2968
11:57:11,SP-FUTURE,2912.25,694,2912.5,875
11:57:11,SP-FUTURE,2912.25,875,2912.5,694
11:57:12,SP-FUTURE,2912.25,619,2912.5,950
11:57:12,ESX-FUTURE,3364.25,354,3364.5,3121
11:57:13,SP-FUTURE,2912.25,518,2912.5,1051
11:57:13,ESX-FUTURE,3364.0,3053,3364.25,422
11:57:14,ESX-FUTURE,3364.0,3063,3364.25,412
11:57:14,SP-FUTURE,2911.75,1416,2912.0,153
11:57:15,ESX-FUTURE,3364.0,2727,3364.25,748
11:57:16,SP-FUTURE,2912.0,1456,2912.25,113
11:57:16,SP-FUTURE,2912.0,110,2912.25,1459
11:57:17,ESX-FUTURE,3364.0,2726,3364.25,749
11:57:18,SP-FUTURE,2912.25,1461,2912.5,108
11:57:18,ESX-FUTURE,3364.0,2048,3364.25,1427
11:57:19,ESX-FUTURE,3364.0,2108,3364.25,1367
11:57:19,SP-FUTURE,2912.0,221,2912.25,1348
11:57:20,SP-FUTURE,2912.0,216,2912.25,1353
11:57:20,ESX-FUTURE,3364.0,2136,3364.25,1339
11:57:21,SP-FUTURE,2912.0,269,2912.25,1300
11:57:22,SP-FUTURE,2912.25,1298,2912.5,271
11:57:22,SP-FUTURE,2913.5,438,2913.75,1131
11:57:22,ESX-FUTURE,3364.0,684,3364.25,2791
11:57:23,ESX-FUTURE,3364.0,2177,3364.25,1298
11:57:23,SP-FUTURE,2913.25,506,2913.5,1063
11:57:23,ESX-FUTURE,3363.5,3067,3363.75,408
11:57:24,SP-FUTURE,2913.25,990,2913.5,579
11:57:24,ESX-FUTURE,3363.75,776,3364.0,2699
11:57:24,SP-FUTURE,2913.0,1495,2913.25,74
11:57:25,ESX-FUTURE,3363.75,634,3364.0,2841
11:57:25,SP-FUTURE,2915.75,1277,2916.0,292
11:57:26,ESX-FUTURE,3363.75,454,3364.0,3021
11:57:27,ESX-FUTURE,3363.75,448,3364.0,3027
11:57:27,SP-FUTURE,2919.5,1456,2919.75,113
11:57:27,ESX-FUTURE,3363.75,358,3364.0,3117
11:57:28,SP-FUTURE,2919.5,1455,2919.75,114
11:57:28,ESX-FUTURE,3363.5,2656,3363.75,819
11:57:29,SP-FUTURE,2919.5,858,2919.75,711
11:57:30,ESX-FUTURE,3363.75,1094,3364.0,2381
11:57:30,SP-FUTURE,2919.75,1181,2920.0,388
11:57:30,SP-FUTURE,2920.0,1357,2920.25,212
11:57:31,ESX-FUTURE,3363.75,922,3364.0,2553
11:57:31,SP-FUTURE,2920.0,1258,2920.25,311
11:57:32,ESX-FUTURE,3363.75,832,3364.0,2643
11:57:33,SP-FUTURE,2921.0,414,2921.25,1155
11:57:33,ESX-FUTURE,3363.75,184,3364.0,3291
11:57:33,ESX-FUTURE,3364.0,1832,3364.25,1643
11:57:34,SP-FUTURE,2919.25,218,2919.5,1351
11:57:34,ESX-FUTURE,3364.0,1645,3364.25,1830
11:57:35,SP-FUTURE,2918.25,981,2918.5,588
11:57:36,ESX-FUTURE,3364.0,1738,3364.25,1737
11:57:36,SP-FUTURE,2918.5,290,2918.75,1279
11:57:36,ESX-FUTURE,3364.0,1612,3364.25,1863
11:57:37,SP-FUTURE,2918.75,1245,2919.0,324
11:57:38,ESX-FUTURE,3363.5,1538,3363.75,1937
11:57:38,SP-FUTURE,2918.75,1063,2919.0,506
11:57:38,SP-FUTURE,2918.5,1137,2918.75,432
11:57:39,SP-FUTURE,2918.75,864,2919.0,705
11:57:39,ESX-FUTURE,3364.5,706,3364.75,2769
11:57:40,ESX-FUTURE,3363.75,1702,3364.0,1773
11:57:41,ESX-FUTURE,3364.25,1156,3364.5,2319
11:57:41,SP-FUTURE,2919.25,1238,2919.5,331
11:57:42,ESX-FUTURE,3364.25,1985,3364.5,1490
11:57:42,SP-FUTURE,2919.0,1540,2919.25,29
11:57:43,SP-FUTURE,2919.25,312,2919.5,1257
11:57:43,SP-FUTURE,2918.5,201,2918.75,1368
11:57:44,ESX-FUTURE,3364.25,2339,3364.5,1136
11:57:45,SP-FUTURE,2918.5,1074,2918.75,495
11:57:45,ESX-FUTURE,3364.25,2357,3364.5,1118
11:57:45,SP-FUTURE,2918.5,1224,2918.75,345
11:57:45,ESX-FUTURE,3364.25,2380,3364.5,1095
11:57:46,SP-FUTURE,2918.75,325,2919.0,1244
11:57:46,SP-FUTURE,2918.75,1108,2919.0,461
11:57:47,ESX-FUTURE,3364.25,2917,3364.5,558
11:57:47,SP-FUTURE,2918.75,508,2919.0,1061
11:57:48,SP-FUTURE,2918.5,1044,2918.75,525
11:57:49,ESX-FUTURE,3364.5,1560,3364.75,1915
11:57:50,SP-FUTURE,2918.5,1557,2918.75,12
11:57:50,ESX-FUTURE,3364.5,1558,3364.75,1917
11:57:51,SP-FUTURE,2918.75,279,2919.0,1290
11:57:52,ESX-FUTURE,3365.5,512,3365.75,2963
11:57:53,ESX-FUTURE,3365.5,213,3365.75,3262
11:57:53,ESX-FUTURE,3365.5,216,3365.75,3259
11:57:54,SP-FUTURE,2918.75,278,2919.0,1291
11:57:54,ESX-FUTURE,3365.25,1438,3365.5,2037
11:57:54,SP-FUTURE,2918.5,1366,2918.75,203
11:57:55,SP-FUTURE,2919.0,117,2919.25,1452
11:57:55,ESX-FUTURE,3365.25,1504,3365.5,1971
11:57:55,SP-FUTURE,2919.25,245,2919.5,1324
11:57:55,ESX-FUTURE,3365.25,1514,3365.5,1961
11:57:57,SP-FUTURE,2918.5,141,2918.75,1428
11:57:57,ESX-FUTURE,3365.25,355,3365.5,3120
11:57:58,SP-FUTURE,2918.75,1370,2919.0,199
11:57:58,ESX-FUTURE,3365.25,2305,3365.5,1170
11:57:59,SP-FUTURE,2919.0,769,2919.25,800
11:58:00,ESX-FUTURE,3365.5,2883,3365.75,592
11:58:00,ESX-FUTURE,3365.5,2514,3365.75,961
11:58:00,SP-FUTURE,2919.25,188,2919.5,1381
11:58:01,ESX-FUTURE,3365.5,2120,3365.75,1355
11:58:01,ESX-FUTURE,3365.5,2333,3365.75,1142
11:58:01,SP-FUTURE,2920.0,982,2920.25,587
11:58:02,SP-FUTURE,2920.0,969,2920.25,600
11:58:02,SP-FUTURE,2917.5,594,2917.75,975
11:58:02,ESX-FUTURE,3365.5,175,3365.75,3300
11:58:03,SP-FUTURE,2917.5,1388,2917.75,181
11:58:04,SP-FUTURE,2917.5,1324,2917.75,245
11:58:04,ESX-FUTURE,3365.5,2029,3365.75,1446
11:58:05,SP-FUTURE,2917.25,860,2917.5,709
11:58:06,ESX-FUTURE,3366.0,1707,3366.25,1768
11:58:06,ESX-FUTURE,3366.25,858,3366.5,2617
11:58:07,SP-FUTURE,2917.25,494,2917.5,1075
11:58:07,ESX-FUTURE,3366.25,1806,3366.5,1669
11:58:08,ESX-FUTURE,3366.0,3306,3366.25,169
11:58:08,ESX-FUTURE,3366.5,328,3366.75,3147
11:58:08,SP-FUTURE,2917.25,669,2917.5,900
11:58:09,ESX-FUTURE,3366.5,1378,3366.75,2097
11:58:10,SP-FUTURE,2916.75,175,2917.0,1394
11:58:10,ESX-FUTURE,3366.5,2665,3366.75,810
11:58:11,SP-FUTURE,2916.25,677,2916.5,892
11:58:12,SP-FUTURE,2915.75,1086,2916.0,483
11:58:12,ESX-FUTURE,3366.5,2417,3366.75,1058
11:58:13,SP-FUTURE,2915.75,996,2916.0,573
11:58:13,ESX-FUTURE,3367.0,2508,3367.25,967
11:58:14,SP-FUTURE,2915.75,1001,2916.0,568
11:58:14,ESX-FUTURE,3367.25,653,3367.5,2822
11:58:15,ESX-FUTURE,3367.25,1829,3367.5,1646
11:58:15,SP-FUTURE,2915.5,1540,2915.75,29
11:58:16,ESX-FUTURE,3367.25,1578,3367.5,1897
11:58:17,SP-FUTURE,2916.5,1104,2916.75,465
11:58:17,ESX-FUTURE,3367.75,1622,3368.0,1853
11:58:17,SP-FUTURE,2916.5,1396,2916.75,173
11:58:17,ESX-FUTURE,3367.75,2217,3368.0,1258
11:58:18,SP-FUTURE,2916.5,1402,2916.75,167
11:58:19,ESX-FUTURE,3367.75,2432,3368.0,1043
11:58:20,SP-FUTURE,2916.75,270,2917.0,1299
11:58:20,ESX-FUTURE,3367.75,1178,3368.0,2297
11:58:20,SP-FUTURE,2916.5,1028,2916.75,541
11:58:21,ESX-FUTURE,3367.75,1653,3368.0,1822
11:58:22,ESX-FUTURE,3366.75,2286,3367.0,1189
11:58:22,ESX-FUTURE,3366.75,2290,3367.0,1185
11:58:22,SP-FUTURE,2916.5,1439,2916.75,130
11:58:23,SP-FUTURE,2916.5,872,2916.75,697
11:58:23,ESX-FUTURE,3366.75,2373,3367.0,1102
11:58:24,ESX-FUTURE,3366.25,156,3366.5,3319
11:58:24,SP-FUTURE,2916.5,784,2916.75,785
11:58:25,SP-FUTURE,2916.5,1275,2916.75,294
11:58:25,ESX-FUTURE,3366.25,893,3366.5,2582
11:58:25,SP-FUTURE,2916.5,863,2916.75,706
11:58:26,SP-FUTURE,2916.5,651,2916.75,918
11:58:26,ESX-FUTURE,3366.25,864,3366.5,2611
11:58:27,SP-FUTURE,2916.0,171,2916.25,1398
11:58:27,ESX-FUTURE,3366.25,1263,3366.5,2212
11:58:28,SP-FUTURE,2915.0,49,2915.25,1520
11:58:29,ESX-FUTURE,3366.25,1197,3366.5,2278
11:58:29,SP-FUTURE,2915.75,1159,2916.0,410
11:58:30,SP-FUTURE,2915.5,135,2915.75,1434
11:58:30,ESX-FUTURE,3366.25,112,3366.5,3363
11:58:31,SP-FUTURE,2915.5,83,2915.75,1486
11:58:31,ESX-FUTURE,3366.25,23,3366.5,3452
11:58:31,SP-FUTURE,2915.5,81,2915.75,1488
11:58:31,SP-FUTURE,2919.75,1148,2920.0,421
11:58:31,SP-FUTURE,2922.25,458,2922.5,1111
11:58:32,ESX-FUTURE,3366.0,2597,3366.25,878
11:58:33,SP-FUTURE,2922.25,403,2922.5,1166
11:58:34,ESX-FUTURE,3366.25,1739,3366.5,1736
11:58:34,SP-FUTURE,2922.0,1446,2922.25,123
11:58:35,ESX-FUTURE,3366.25,2245,3366.5,1230
11:58:35,ESX-FUTURE,3366.25,2300,3366.5,1175
11:58:36,SP-FUTURE,2922.25,634,2922.5,935
11:58:36,ESX-FUTURE,3367.75,1411,3368.0,2064
11:58:36,ESX-FUTURE,3369.25,522,3369.5,2953
11:58:37,SP-FUTURE,2922.25,256,2922.5,1313
11:58:37,ESX-FUTURE,3369.25,448,3369.5,3027
11:58:37,SP-FUTURE,2923.25,1187,2923.5,382
11:58:38,SP-FUTURE,2924.5,504,2924.75,1065
11:58:39,SP-FUTURE,2924.5,527,2924.75,1042
11:58:39,ESX-FUTURE,3369.0,3181,3369.25,294
11:58:40,ESX-FUTURE,3369.25,566,3369.5,2909
11:58:41,SP-FUTURE,2924.25,1555,2924.5,14
11:58:41,ESX-FUTURE,3369.25,572,3369.5,2903
11:58:42,ESX-FUTURE,3369.25,460,3369.5,3015
11:58:43,SP-FUTURE,2924.25,1516,2924.5,53
11:58:43,ESX-FUTURE,3369.25,473,3369.5,3002
11:58:43,SP-FUTURE,2924.5,822,2924.75,747
11:58:44,ESX-FUTURE,3369.5,316,3369.75,3159
11:58:44,SP-FUTURE,2924.5,1197,2924.75,372
11:58:45,ESX-FUTURE,3369.5,852,3369.75,2623
11:58:46,SP-FUTURE,2924.25,1297,2924.5,272
11:58:47,ESX-FUTURE,3369.0,3221,3369.25,254
11:58:47,ESX-FUTURE,3369.0,2172,3369.25,1303
11:58:48,SP-FUTURE,2925.5,157,2925.75,1412
11:58:49,ESX-FUTURE,3369.5,1834,3369.75,1641
11:58:49,SP-FUTURE,2925.25,1224,2925.5,345
11:58:49,SP-FUTURE,2925.25,736,2925.5,833
11:58:49,ESX-FUTURE,3370.75,216,3371.0,3259
11:58:49,SP-FUTURE,2925.25,954,2925.5,615
11:58:50,ESX-FUTURE,3370.75,478,3371.0,2997
11:58:50,SP-FUTURE,2925.25,472,2925.5,1097
11:58:51,SP-FUTURE,2925.25,340,2925.5,1229
11:58:51,ESX-FUTURE,3371.25,2326,3371.5,1149
11:58:53,ESX-FUTURE,3371.5,979,3371.75,2496
11:58:53,SP-FUTURE,2925.5,711,2925.75,858
11:58:54,ESX-FUTURE,3371.75,2713,3372.0,762
11:58:55,SP-FUTURE,2925.5,1312,2925.75,257
11:58:55,ESX-FUTURE,3371.75,88,3372.0,3387
11:58:56,ESX-FUTURE,3371.75,637,3372.0,2838
11:58:56,SP-FUTURE,2925.5,1243,2925.75,326
11:58:57,ESX-FUTURE,3372.0,1263,3372.25,2212
11:58:58,SP-FUTURE,2925.75,766,2926.0,803
11:58:59,SP-FUTURE,2925.5,1180,2925.75,389
11:58:59,ESX-FUTURE,3372.0,3085,3372.25,390
11:59:00,SP-FUTURE,2925.5,853,2925.75,716
11:59:01,ESX-FUTURE,3372.0,3131,3372.25,344
11:59:01,ESX-FUTURE,3372.0,2801,3372.25,674
11:59:01,SP-FUTURE,2925.25,1232,2925.5,337
11:59:02,SP-FUTURE,2925.5,280,2925.75,1289
11:59:03,ESX-FUTURE,3372.0,2719,3372.25,756
11:59:03,ESX-FUTURE,3372.0,666,3372.25,2809
11:59:04,SP-FUTURE,2925.25,97,2925.5,1472
11:59:05,ESX-FUTURE,3372.0,316,3372.25,3159
11:59:05,ESX-FUTURE,3372.0,7,3372.25,3468
11:59:05,SP-FUTURE,2925.25,155,2925.5,1414
11:59:06,ESX-FUTURE,3372.0,385,3372.25,3090
11:59:06,SP-FUTURE,2925.0,1520,2925.25,49
11:59:08,SP-FUTURE,2925.0,1151,2925.25,418
11:59:08,ESX-FUTURE,3371.5,845,3371.75,2630
11:59:08,SP-FUTURE,2925.0,967,2925.25,602
11:59:09,SP-FUTURE,2924.5,606,2924.75,963
11:59:09,ESX-FUTURE,3371.5,2360,3371.75,1115
11:59:09,ESX-FUTURE,3372.0,2078,3372.25,1397
11:59:09,ESX-FUTURE,3372.5,1319,3372.75,2156
11:59:10,ESX-FUTURE,3372.75,124,3373.0,3351
11:59:10,ESX-FUTURE,3372.25,3340,3372.5,135
11:59:11,SP-FUTURE,2920.0,1503,2920.25,66
11:59:11,ESX-FUTURE,3372.25,3384,3372.5,91
11:59:12,SP-FUTURE,2919.75,478,2920.0,1091
11:59:12,ESX-FUTURE,3373.0,2717,3373.25,758
11:59:13,SP-FUTURE,2919.75,378,2920.0,1191
11:59:14,ESX-FUTURE,3373.0,3182,3373.25,293
11:59:14,SP-FUTURE,2919.5,1227,2919.75,342
11:59:15,SP-FUTURE,2919.75,27,2920.0,1542
11:59:15,ESX-FUTURE,3373.0,3175,3373.25,300
11:59:16,SP-FUTURE,2919.75,66,2920.0,1503
11:59:17,ESX-FUTURE,3373.0,3295,3373.25,180
11:59:17,ESX-FUTURE,3373.0,3373,3373.25,102
11:59:18,SP-FUTURE,2919.5,787,2919.75,782
11:59:18,ESX-FUTURE,3373.25,1652,3373.5,1823
11:59:19,SP-FUTURE,2919.25,743,2919.5,826
11:59:19,ESX-FUTURE,3373.25,1697,3373.5,1778
11:59:20,SP-FUTURE,2919.25,461,2919.5,1108
11:59:20,ESX-FUTURE,3373.0,2925,3373.25,550
11:59:21,SP-FUTURE,2919.25,392,2919.5,1177
11:59:21,ESX-FUTURE,3373.0,2338,3373.25,1137
11:59:21,SP-FUTURE,2919.25,1304,2919.5,265
11:59:21,ESX-FUTURE,3370.75,1273,3371.0,2202
11:59:22,ESX-FUTURE,3370.5,2146,3370.75,1329
11:59:23,SP-FUTURE,2918.5,67,2918.75,1502
11:59:24,SP-FUTURE,2918.25,1413,2918.5,156
11:59:24,ESX-FUTURE,3370.25,599,3370.5,2876
11:59:24,ESX-FUTURE,3370.25,435,3370.5,3040
11:59:24,ESX-FUTURE,3370.25,488,3370.5,2987
11:59:25,ESX-FUTURE,3369.0,2727,3369.25,748
11:59:26,SP-FUTURE,2918.25,805,2918.5,764
11:59:26,ESX-FUTURE,3369.0,2190,3369.25,1285
11:59:28,SP-FUTURE,2918.25,81,2918.5,1488
11:59:28,ESX-FUTURE,3369.5,931,3369.75,2544
11:59:28,ESX-FUTURE,3369.5,847,3369.75,2628
11:59:29,SP-FUTURE,2918.0,1351,2918.25,218
11:59:29,ESX-FUTURE,3369.5,368,3369.75,3107
11:59:30,SP-FUTURE,2918.0,935,2918.25,634
11:59:30,SP-FUTURE,2918.25,231,2918.5,1338
11:59:30,ESX-FUTURE,3369.5,2047,3369.75,1428
11:59:31,ESX-FUTURE,3369.5,633,3369.75,2842
11:59:32,ESX-FUTURE,3369.5,543,3369.75,2932
11:59:32,SP-FUTURE,2918.25,92,2918.5,1477
11:59:33,ESX-FUTURE,3369.5,166,3369.75,3309
11:59:33,SP-FUTURE,2918.25,74,2918.5,1495
11:59:34,ESX-FUTURE,3369.5,643,3369.75,2832
11:59:34,SP-FUTURE,2917.75,1098,2918.0,471
11:59:35,ESX-FUTURE,3369.5,1576,3369.75,1899
11:59:36,ESX-FUTURE,3369.5,3258,3369.75,217
11:59:36,SP-FUTURE,2917.75,1152,2918.0,417
11:59:36,ESX-FUTURE,3369.5,3387,3369.75,88
11:59:37,ESX-FUTURE,3369.5,137,3369.75,3338
11:59:38,SP-FUTURE,2917.75,1538,2918.0,31
11:59:38,ESX-FUTURE,3369.5,137,3369.75,3338
11:59:39,ESX-FUTURE,3369.5,166,3369.75,3309
11:59:39,SP-FUTURE,2917.75,1443,2918.0,126
11:59:39,ESX-FUTURE,3369.0,2564,3369.25,911
11:59:40,SP-FUTURE,2917.5,1474,2917.75,95
11:59:40,ESX-FUTURE,3368.75,1143,3369.0,2332
11:59:42,ESX-FUTURE,3368.75,1171,3369.0,2304
11:59:42,SP-FUTURE,2918.5,1493,2918.75,76
11:59:43,SP-FUTURE,2918.5,1441,2918.75,128
11:59:43,ESX-FUTURE,3368.75,1629,3369.0,1846
11:59:43,SP-FUTURE,2917.5,1012,2917.75,557
11:59:43,ESX-FUTURE,3368.75,856,3369.0,2619
11:59:44,SP-FUTURE,2917.5,804,2917.75,765
11:59:44,ESX-FUTURE,3368.0,911,3368.25,2564
11:59:44,SP-FUTURE,2918.25,203,2918.5,1366
11:59:44,ESX-FUTURE,3368.0,1893,3368.25,1582
11:59:45,ESX-FUTURE,3368.75,217,3369.0,3258
11:59:46,SP-FUTURE,2918.25,467,2918.5,1102
11:59:47,SP-FUTURE,2918.25,1261,2918.5,308
11:59:47,SP-FUTURE,2918.5,1247,2918.75,322
11:59:47,ESX-FUTURE,3368.75,368,3369.0,3107
11:59:49,SP-FUTURE,2918.75,1379,2919.0,190
11:59:49,ESX-FUTURE,3368.75,879,3369.0,2596
11:59:49,ESX-FUTURE,3368.75,2424,3369.0,1051
11:59:49,ESX-FUTURE,3368.75,1976,3369.0,1499
11:59:50,SP-FUTURE,2918.5,889,2918.75,680
11:59:51,ESX-FUTURE,3368.75,1373,3369.0,2102
11:59:51,SP-FUTURE,2918.75,156,2919.0,1413
11:59:52,SP-FUTURE,2918.75,34,2919.0,1535
11:59:52,ESX-FUTURE,3368.75,1387,3369.0,2088
11:59:53,SP-FUTURE,2918.5,1476,2918.75,93
11:59:54,ESX-FUTURE,3368.75,1765,3369.0,1710
11:59:54,SP-FUTURE,2917.5,59,2917.75,1510
11:59:55,ESX-FUTURE,3368.75,3428,3369.0,47
11:59:55,SP-FUTURE,2917.5,100,2917.75,1469
11:59:56,SP-FUTURE,2917.5,83,2917.75,1486
11:59:57,ESX-FUTURE,3368.75,3435,3369.0,40
11:59:57,ESX-FUTURE,3368.75,3155,3369.0,320
11:59:58,SP-FUTURE,2917.5,535,2917.75,1034
11:59:58,ESX-FUTURE,3369.5,2847,3369.75,628
11:59:59,SP-FUTURE,2917.25,1398,2917.5,171
12:00:00,SP-FUTURE,2914.0,152,2914.25,1417
12:00:01,ESX-FUTURE,3369.5,2850,3369.75,625
12:00:01,ESX-FUTURE,3369.75,257,3370.0,3218
12:00:01,SP-FUTURE,2913.75,1539,2914.0,30
12:00:02,SP-FUTURE,2913.75,1538,2914.0,31
12:00:02,ESX-FUTURE,3369.75,298,3370.0,3177
12:00:02,SP-FUTURE,2913.75,1090,2914.0,479
12:00:03,SP-FUTURE,2914.5,1215,2914.75,354
12:00:03,ESX-FUTURE,3369.75,298,3370.0,3177
12:00:04,ESX-FUTURE,3369.5,2799,3369.75,676
12:00:04,SP-FUTURE,2914.5,993,2914.75,576
12:00:05,ESX-FUTURE,3369.5,2316,3369.75,1159
12:00:06,SP-FUTURE,2914.5,675,2914.75,894
12:00:06,SP-FUTURE,2915.5,23,2915.75,1546
12:00:06,ESX-FUTURE,3369.5,2244,3369.75,1231
12:00:07,SP-FUTURE,2915.5,380,2915.75,1189
12:00:08,ESX-FUTURE,3370.0,782,3370.25,2693
12:00:08,SP-FUTURE,2915.5,86,2915.75,1483
12:00:08,ESX-FUTURE,3370.0,736,3370.25,2739
12:00:09,SP-FUTURE,2915.75,1383,2916.0,186
12:00:09,ESX-FUTURE,3370.0,1286,3370.25,2189
12:00:10,SP-FUTURE,2916.0,437,2916.25,1132
12:00:10,ESX-FUTURE,3369.75,2418,3370.0,1057
12:00:11,ESX-FUTURE,3370.75,225,3371.0,3250
12:00:11,SP-FUTURE,2916.0,388,2916.25,1181
12:00:12,SP-FUTURE,2916.0,310,2916.25,1259
12:00:12,ESX-FUTURE,3370.75,1933,3371.0,1542
12:00:13,SP-FUTURE,2915.75,560,2916.0,1009
12:00:14,ESX-FUTURE,3370.75,1645,3371.0,1830
12:00:14,SP-FUTURE,2915.5,1250,2915.75,319
12:00:15,SP-FUTURE,2914.75,515,2915.0,1054
12:00:16,ESX-FUTURE,3370.5,1335,3370.75,2140
12:00:16,ESX-FUTURE,3371.25,3071,3371.5,404
12:00:16,SP-FUTURE,2914.5,1467,2914.75,102
12:00:17,ESX-FUTURE,3371.25,1822,3371.5,1653
12:00:18,SP-FUTURE,2914.75,1092,2915.0,477
12:00:19,ESX-FUTURE,3370.0,2130,3370.25,1345
12:00:20,SP-FUTURE,2914.5,26,2914.75,1543
12:00:20,ESX-FUTURE,3370.0,2086,3370.25,1389
12:00:21,SP-FUTURE,2913.75,973,2914.0,596
12:00:21,ESX-FUTURE,3370.0,465,3370.25,3010
12:00:22,SP-FUTURE,2913.75,691,2914.0,878
12:00:23,ESX-FUTURE,3370.0,1916,3370.25,1559
12:00:23,SP-FUTURE,2913.5,830,2913.75,739
12:00:23,ESX-FUTURE,3370.0,2486,3370.25,989
12:00:24,ESX-FUTURE,3370.0,1697,3370.25,1778
12:00:25,SP-FUTURE,2913.5,1519,2913.75,50
12:00:25,ESX-FUTURE,3370.0,1464,3370.25,2011
12:00:25,ESX-FUTURE,3370.0,1508,3370.25,1967
12:00:26,SP-FUTURE,2914.0,138,2914.25,1431
12:00:27,ESX-FUTURE,3370.0,2242,3370.25,1233
12:00:27,SP-FUTURE,2914.5,518,2914.75,1051
12:00:28,SP-FUTURE,2914.25,134,2914.5,1435
12:00:28,ESX-FUTURE,3370.0,2260,3370.25,1215
12:00:29,SP-FUTURE,2914.0,525,2914.25,1044
12:00:29,ESX-FUTURE,3370.5,265,3370.75,3210
12:00:30,SP-FUTURE,2914.0,270,2914.25,1299
12:00:31,ESX-FUTURE,3370.25,3431,3370.5,44
12:00:31,ESX-FUTURE,3370.25,3303,3370.5,172
12:00:32,SP-FUTURE,2913.5,852,2913.75,717
12:00:32,ESX-FUTURE,3370.0,2513,3370.25,962
12:00:33,ESX-FUTURE,3370.0,2322,3370.25,1153
12:00:33,SP-FUTURE,2913.5,763,2913.75,806
12:00:34,ESX-FUTURE,3369.75,2765,3370.0,710
12:00:34,SP-FUTURE,2913.0,829,2913.25,740
12:00:34,ESX-FUTURE,3369.75,2982,3370.0,493
12:00:35,ESX-FUTURE,3369.75,823,3370.0,2652
12:00:35,SP-FUTURE,2913.0,1001,2913.25,568
12:00:36,ESX-FUTURE,3369.75,368,3370.0,3107
12:00:36,SP-FUTURE,2913.0,940,2913.25,629
12:00:37,ESX-FUTURE,3369.75,867,3370.0,2608
12:00:37,SP-FUTURE,2913.0,1529,2913.25,40
12:00:38,ESX-FUTURE,3369.75,878,3370.0,2597
12:00:39,ESX-FUTURE,3369.5,2505,3369.75,970
12:00:39,SP-FUTURE,2913.0,1448,2913.25,121
12:00:40,ESX-FUTURE,3369.25,1001,3369.5,2474
12:00:41,SP-FUTURE,2913.25,36,2913.5,1533
12:00:41,ESX-FUTURE,3369.25,1001,3369.5,2474
12:00:41,ESX-FUTURE,3369.25,2838,3369.5,637
12:00:42,ESX-FUTURE,3369.25,2831,3369.5,644
12:00:42,SP-FUTURE,2913.25,27,2913.5,1542
12:00:43,ESX-FUTURE,3369.25,2831,3369.5,644
12:00:44,SP-FUTURE,2913.25,564,2913.5,1005
12:00:44,ESX-FUTURE,3369.5,766,3369.75,2709
12:00:45,SP-FUTURE,2913.5,957,2913.75,612
12:00:45,SP-FUTURE,2913.5,1097,2913.75,472
12:00:46,ESX-FUTURE,3369.5,9,3369.75,3466
12:00:46,SP-FUTURE,2913.5,1108,2913.75,461
12:00:47,ESX-FUTURE,3369.5,138,3369.75,3337
12:00:48,SP-FUTURE,2913.5,1264,2913.75,305
12:00:48,ESX-FUTURE,3369.5,921,3369.75,2554
12:00:48,SP-FUTURE,2913.5,1461,2913.75,108
12:00:49,SP-FUTURE,2913.5,651,2913.75,918
12:00:49,ESX-FUTURE,3369.25,2256,3369.5,1219
12:00:50,SP-FUTURE,2913.5,1061,2913.75,508
12:00:51,SP-FUTURE,2913.0,283,2913.25,1286
12:00:51,ESX-FUTURE,3369.0,2417,3369.25,1058
12:00:51,SP-FUTURE,2912.25,1171,2912.5,398
12:00:52,SP-FUTURE,2912.25,1172,2912.5,397
12:00:52,ESX-FUTURE,3369.0,1143,3369.25,2332
12:00:53,ESX-FUTURE,3369.0,814,3369.25,2661
12:00:53,SP-FUTURE,2912.5,736,2912.75,833
12:00:54,ESX-FUTURE,3369.25,2604,3369.5,871
12:00:54,SP-FUTURE,2912.5,1099,2912.75,470
12:00:54,SP-FUTURE,2912.5,1134,2912.75,435
12:00:55,ESX-FUTURE,3369.25,2875,3369.5,600
12:00:55,SP-FUTURE,2912.5,1260,2912.75,309
12:00:56,SP-FUTURE,2912.75,949,2913.0,620
12:00:56,ESX-FUTURE,3369.25,2973,3369.5,502
12:00:58,ESX-FUTURE,3369.25,1546,3369.5,1929
12:00:58,ESX-FUTURE,3369.0,1710,3369.25,1765
12:00:59,SP-FUTURE,2913.0,117,2913.25,1452
12:00:59,SP-FUTURE,2913.0,142,2913.25,1427
12:01:00,ESX-FUTURE,3369.0,909,3369.25,2566
12:01:01,SP-FUTURE,2913.0,589,2913.25,980
12:01:02,SP-FUTURE,2913.0,323,2913.25,1246
12:01:02,ESX-FUTURE,3369.0,812,3369.25,2663
12:01:03,ESX-FUTURE,3369.0,10,3369.25,3465
12:01:03,SP-FUTURE,2913.0,320,2913.25,1249
12:01:04,ESX-FUTURE,3369.0,11,3369.25,3464
12:01:04,SP-FUTURE,2917.25,320,2917.5,1249
12:01:05,ESX-FUTURE,3368.5,2974,3368.75,501
12:01:06,ESX-FUTURE,3368.75,284,3369.0,3191
12:01:07,ESX-FUTURE,3368.75,3239,3369.0,236
12:01:07,SP-FUTURE,2917.25,497,2917.5,1072
12:01:08,SP-FUTURE,2917.25,499,2917.5,1070
12:01:08,ESX-FUTURE,3369.0,1739,3369.25,1736
12:01:08,ESX-FUTURE,3368.75,2338,3369.0,1137
12:01:09,SP-FUTURE,2917.0,1141,2917.25,428
12:01:10,ESX-FUTURE,3368.75,1552,3369.0,1923
12:01:10,SP-FUTURE,2917.0,1454,2917.25,115
12:01:11,ESX-FUTURE,3368.75,1635,3369.0,1840
12:01:11,SP-FUTURE,2918.0,500,2918.25,1069
12:01:11,SP-FUTURE,2918.5,22,2918.75,1547
12:01:12,SP-FUTURE,2918.5,75,2918.75,1494
12:01:12,ESX-FUTURE,3368.75,2850,3369.0,625
12:01:13,ESX-FUTURE,3371.75,1023,3372.0,2452
12:01:13,SP-FUTURE,2918.5,45,2918.75,1524
12:01:13,ESX-FUTURE,3371.75,1226,3372.0,2249
12:01:14,ESX-FUTURE,3371.75,1688,3372.0,1787
12:01:14,SP-FUTURE,2918.5,183,2918.75,1386
12:01:15,ESX-FUTURE,3371.75,1672,3372.0,1803
12:01:15,SP-FUTURE,2918.25,830,2918.5,739
12:01:16,SP-FUTURE,2918.0,1524,2918.25,45
12:01:16,ESX-FUTURE,3371.75,1697,3372.0,1778
12:01:17,ESX-FUTURE,3371.75,1888,3372.0,1587
12:01:17,SP-FUTURE,2918.0,1526,2918.25,43
12:01:18,ESX-FUTURE,3371.75,2079,3372.0,1396
12:01:18,SP-FUTURE,2918.75,1315,2919.0,254
12:01:19,ESX-FUTURE,3371.75,1914,3372.0,1561
12:01:20,SP-FUTURE,2917.0,728,2917.25,841
12:01:21,SP-FUTURE,2917.0,705,2917.25,864
12:01:21,ESX-FUTURE,3371.25,1485,3371.5,1990
12:01:21,SP-FUTURE,2917.5,287,2917.75,1282
12:01:22,ESX-FUTURE,3371.25,2527,3371.5,948
12:01:23,ESX-FUTURE,3371.25,2483,3371.5,992
12:01:23,ESX-FUTURE,3371.5,1263,3371.75,2212
12:01:23,SP-FUTURE,2917.25,724,2917.5,845
12:01:25,SP-FUTURE,2917.25,194,2917.5,1375
12:01:25,ESX-FUTURE,3371.5,896,3371.75,2579
12:01:25,SP-FUTURE,2917.25,194,2917.5,1375
12:01:26,ESX-FUTURE,3371.5,3397,3371.75,78
12:01:26,SP-FUTURE,2917.25,117,2917.5,1452
12:01:28,ESX-FUTURE,3371.5,3175,3371.75,300
12:01:28,SP-FUTURE,2917.25,117,2917.5,1452
12:01:29,ESX-FUTURE,3371.5,3044,3371.75,431
12:01:29,SP-FUTURE,2916.5,1050,2916.75,519
12:01:29,ESX-FUTURE,3372.0,1727,3372.25,1748
12:01:30,ESX-FUTURE,3370.25,2303,3370.5,1172
12:01:30,SP-FUTURE,2916.25,477,2916.5,1092
12:01:31,ESX-FUTURE,3370.25,223,3370.5,3252
12:01:32,SP-FUTURE,2916.25,408,2916.5,1161
12:01:32,ESX-FUTURE,3372.25,26,3372.5,3449
12:01:33,SP-FUTURE,2916.25,399,2916.5,1170
12:01:34,SP-FUTURE,2916.25,399,2916.5,1170
12:01:34,ESX-FUTURE,3372.75,1325,3373.0,2150
12:01:34,ESX-FUTURE,3374.75,1449,3375.0,2026
12:01:34,ESX-FUTURE,3374.75,1896,3375.0,1579
12:01:35,ESX-FUTURE,3375.25,1667,3375.5,1808
12:01:35,ESX-FUTURE,3375.25,30,3375.5,3445
12:01:35,ESX-FUTURE,3375.5,2531,3375.75,944
12:01:35,SP-FUTURE,2916.0,1566,2916.25,3
12:01:35,ESX-FUTURE,3375.5,2516,3375.75,959
12:01:36,ESX-FUTURE,3375.5,2467,3375.75,1008
12:01:36,SP-FUTURE,2916.25,1037,2916.5,532
12:01:36,ESX-FUTURE,3375.5,2647,3375.75,828
12:01:37,SP-FUTURE,2916.25,905,2916.5,664
12:01:37,ESX-FUTURE,3375.5,1787,3375.75,1688
12:01:38,ESX-FUTURE,3375.5,2591,3375.75,884
12:01:38,SP-FUTURE,2916.25,417,2916.5,1152
12:01:39,ESX-FUTURE,3375.5,925,3375.75,2550
12:01:40,SP-FUTURE,2916.0,1362,2916.25,207
12:01:40,SP-FUTURE,2915.75,1540,2916.0,29
12:01:41,ESX-FUTURE,3375.5,962,3375.75,2513
12:01:41,ESX-FUTURE,3375.5,995,3375.75,2480
12:01:41,SP-FUTURE,2916.25,27,2916.5,1542
12:01:42,ESX-FUTURE,3375.5,980,3375.75,2495
12:01:42,SP-FUTURE,2916.5,440,2916.75,1129
12:01:43,SP-FUTURE,2916.5,1288,2916.75,281
12:01:43,ESX-FUTURE,3375.75,784,3376.0,2691
12:01:44,SP-FUTURE,2916.75,320,2917.0,1249
12:01:44,ESX-FUTURE,3375.75,542,3376.0,2933
12:01:45,ESX-FUTURE,3375.5,1142,3375.75,2333
12:01:45,SP-FUTURE,2916.75,479,2917.0,1090
12:01:46,SP-FUTURE,2916.5,1447,2916.75,122
12:01:46,ESX-FUTURE,3375.5,1235,3375.75,2240
12:01:46,ESX-FUTURE,3375.5,1862,3375.75,1613
12:01:47,ESX-FUTURE,3375.5,1976,3375.75,1499
12:01:47,SP-FUTURE,2916.5,1562,2916.75,7
12:01:47,ESX-FUTURE,3375.5,1976,3375.75,1499
12:01:48,ESX-FUTURE,3375.5,1982,3375.75,1493
12:01:48,SP-FUTURE,2916.75,283,2917.0,1286
12:01:49,SP-FUTURE,2916.75,1056,2917.0,513
12:01:49,ESX-FUTURE,3375.5,876,3375.75,2599
12:01:50,SP-FUTURE,2917.75,1490,2918.0,79
12:01:51,ESX-FUTURE,3375.25,2153,3375.5,1322
12:01:51,SP-FUTURE,2917.0,924,2917.25,645
12:01:52,ESX-FUTURE,3375.5,476,3375.75,2999
12:01:52,SP-FUTURE,2917.0,528,2917.25,1041
12:01:52,SP-FUTURE,2917.25,431,2917.5,1138
12:01:53,SP-FUTURE,2917.25,157,2917.5,1412
12:01:54,ESX-FUTURE,3375.25,3340,3375.5,135
12:01:54,ESX-FUTURE,3375.25,3411,3375.5,64
12:01:55,ESX-FUTURE,3375.5,317,3375.75,3158
12:01:55,SP-FUTURE,2917.0,1402,2917.25,167
12:01:55,ESX-FUTURE,3375.5,274,3375.75,3201
12:01:56,ESX-FUTURE,3375.5,327,3375.75,3148
12:01:57,SP-FUTURE,2917.0,1544,2917.25,25
12:01:58,ESX-FUTURE,3375.5,333,3375.75,3142
12:01:59,SP-FUTURE,2917.0,1380,2917.25,189
12:01:59,ESX-FUTURE,3375.5,616,3375.75,2859
12:01:59,SP-FUTURE,2917.0,1473,2917.25,96
12:02:00,ESX-FUTURE,3375.5,762,3375.75,2713
12:02:01,ESX-FUTURE,3375.5,1072,3375.75,2403
12:02:01,SP-FUTURE,2917.25,301,2917.5,1268
12:02:01,ESX-FUTURE,3375.5,1295,3375.75,2180
12:02:03,SP-FUTURE,2917.5,764,2917.75,805
